@book{lindgren12,
  title={Atomic Many-Body Theory},
  author={Lindgren, I. and Morrison, J.},
  isbn={9783642616402},
  series={Springer Series on Atomic, Optical, and Plasma Physics},
  url={https://books.google.com/books?id=L43\_CAAAQBAJ},
  year={2012},
  publisher={Springer Berlin Heidelberg}
}

@article{RevModPhys.47.773,
  title = {The renormalization group: Critical phenomena and the Kondo problem},
  author = {Wilson, Kenneth G.},
  journal = {Rev. Mod. Phys.},
  volume = {47},
  issue = {4},
  pages = {773--840},
  numpages = {0},
  year = {1975},
  month = {Oct},
  publisher = {American Physical Society},
  doi = {10.1103/RevModPhys.47.773},
  url = {https://link.aps.org/doi/10.1103/RevModPhys.47.773}
}


@article{Babbush2018,
author = {Babbush, Ryan and Wiebe, Nathan and McClean, Jarrod and McClain, James and Neven, Hartmut and Chan, Garnet Kin Lic},
doi = {10.1103/PhysRevX.8.011044},
issn = {21603308},
journal = {Physical Review X},
number = {1},
pages = {11044},
publisher = {American Physical Society},
title = {{Low-Depth Quantum Simulation of Materials}},
url = {https://doi.org/10.1103/PhysRevX.8.011044},
volume = {8},
year = {2018}
}

@book{AIMReview,
    author={Hewson, A.C.},
    title={The Kondo Problem to Heavy Fermions. Cambridge Studies in Magnetism, Vol. 2.},
    publisher={Cambridge University Press},
    address={Cambridge},
    year={1993}
}

@article{Bauer2016,
author = {Bauer, Bela and Wecker, Dave and Millis, Andrew J. and Hastings, Matthew B. and Troyer, Matthias},
doi = {10.1103/PhysRevX.6.031045},
issn = {21603308},
journal = {Physical Review X},
number = {3},
pages = {1--11},
title = {{Hybrid quantum-classical approach to correlated materials}},
volume = {6},
year = {2016}
}

@article{Jaderberg2020,
author = {Jaderberg, B. and Agarwal, A. and Leonhardt, K. and Kiffner, M. and Jaksch, D.},
doi = {10.1088/2058-9565/ab972b},
issn = {20589565},
journal = {Quantum Science and Technology},
number = {3},
publisher = {IOP Publishing},
title = {{Minimum hardware requirements for hybrid quantum-classical DMFT}},
volume = {5},
year = {2020}
}

@article{Wecker2015,
author = {Wecker, Dave and Hastings, Matthew B. and Troyer, Matthias},
doi = {10.1103/PhysRevA.92.042303},
issn = {10941622},
journal = {Physical Review A - Atomic, Molecular, and Optical Physics},
number = {4},
pages = {1--11},
title = {{Progress towards practical quantum variational algorithms}},
volume = {92},
year = {2015}
}

@article{Peruzzo2014,
author = {Peruzzo, Alberto and McClean, Jarrod and Shadbolt, Peter and Yung, Man Hong and Zhou, Xiao Qi and Love, Peter J. and Aspuru-Guzik, Al{\'{a}}n and O'Brien, Jeremy L.},
doi = {10.1038/ncomms5213},
issn = {20411723},
journal = {Nature Communications},
number = {May},
title = {{A variational eigenvalue solver on a photonic quantum processor}},
volume = {5},
year = {2014}
}

@article{Bravyi2017,
author = {Bravyi, Sergey and Gosset, David},
doi = {10.1007/s00220-017-2976-9},
issn = {14320916},
journal = {Communications in Mathematical Physics},
number = {2},
pages = {451--500},
title = {{Complexity of Quantum Impurity Problems}},
volume = {356},
year = {2017}
}


@article{Kivlichan2020,
author = {Kivlichan, Ian D. and Gidney, Craig and Berry, Dominic W. and Wiebe, Nathan and McClean, Jarrod and Sun, Wei and Jiang, Zhang and Rubin, Nicholas and Fowler, Austin and Aspuru-Guzik, Al{\'{a}}n and Neven, Hartmut and Babbush, Ryan},
doi = {10.22331/q-2020-07-16-296},
issn = {2521-327X},
journal = {Quantum},
pages = {296},
title = {{Improved Fault-Tolerant Quantum Simulation of Condensed-Phase Correlated Electrons via Trotterization}},
volume = {4},
year = {2020}
}


@book{NielsenChuang,
 author = {Nielsen, Michael A. and Chuang, Isaac L.},
 title = {Quantum Computation and Quantum Information: 10th Anniversary Edition},
 year = {2011},
 isbn = {1107002176, 9781107002173},
 edition = {10th},
 publisher = {Cambridge University Press},
 address = {New York, NY, USA},
}

@article{Suzuki1985,
author = {Suzuki, Masuo},
doi = {10.1063/1.526596},
file = {:Users/trevorkeen/Documents/Mendeley Desktop/Suzuki/1985/Suzuki - 1985 - Decomposition formulas of exponential operators and Lie exponentials with some applications to quantum mechanics and sta.pdf:pdf},
issn = {00222488},
journal = {Journal of Mathematical Physics},
number = {4},
pages = {601--612},
title = {{Decomposition formulas of exponential operators and Lie exponentials with some applications to quantum mechanics and statistical physics}},
volume = {26},
year = {1985}
}

@inproceedings{Grover1996,
author = {Grover, Lov K.},
title = {A Fast Quantum Mechanical Algorithm for Database Search},
year = {1996},
isbn = {0897917855},
publisher = {Association for Computing Machinery},
address = {New York, NY, USA},
url = {https://doi.org/10.1145/237814.237866},
doi = {10.1145/237814.237866},
booktitle = {Proceedings of the Twenty-Eighth Annual ACM Symposium on Theory of Computing},
pages = {212–219},
numpages = {8},
location = {Philadelphia, Pennsylvania, USA},
series = {STOC '96}
}

@software{Qiskit,
  author       = {Gadi Aleksandrowicz and
                  Thomas Alexander and
                  Panagiotis Barkoutsos and
                  Luciano Bello and
                  Yael Ben-Haim and
                  David Bucher and
                  Francisco Jose Cabrera-Hernández and
                  Jorge Carballo-Franquis and
                  Adrian Chen and
                  Chun-Fu Chen and
                  Jerry M. Chow and
                  Antonio D. Córcoles-Gonzales and
                  Abigail J. Cross and
                  Andrew Cross and
                  Juan Cruz-Benito and
                  Chris Culver and
                  Salvador De La Puente González and
                  Enrique De La Torre and
                  Delton Ding and
                  Eugene Dumitrescu and
                  Ivan Duran and
                  Pieter Eendebak and
                  Mark Everitt and
                  Ismael Faro Sertage and
                  Albert Frisch and
                  Andreas Fuhrer and
                  Jay Gambetta and
                  Borja Godoy Gago and
                  Juan Gomez-Mosquera and
                  Donny Greenberg and
                  Ikko Hamamura and
                  Vojtech Havlicek and
                  Joe Hellmers and
                  Łukasz Herok and
                  Hiroshi Horii and
                  Shaohan Hu and
                  Takashi Imamichi and
                  Toshinari Itoko and
                  Ali Javadi-Abhari and
                  Naoki Kanazawa and
                  Anton Karazeev and
                  Kevin Krsulich and
                  Peng Liu and
                  Yang Luh and
                  Yunho Maeng and
                  Manoel Marques and
                  Francisco Jose Martín-Fernández and
                  Douglas T. McClure and
                  David McKay and
                  Srujan Meesala and
                  Antonio Mezzacapo and
                  Nikolaj Moll and
                  Diego Moreda Rodríguez and
                  Giacomo Nannicini and
                  Paul Nation and
                  Pauline Ollitrault and
                  Lee James O'Riordan and
                  Hanhee Paik and
                  Jesús Pérez and
                  Anna Phan and
                  Marco Pistoia and
                  Viktor Prutyanov and
                  Max Reuter and
                  Julia Rice and
                  Abdón Rodríguez Davila and
                  Raymond Harry Putra Rudy and
                  Mingi Ryu and
                  Ninad Sathaye and
                  Chris Schnabel and
                  Eddie Schoute and
                  Kanav Setia and
                  Yunong Shi and
                  Adenilton Silva and
                  Yukio Siraichi and
                  Seyon Sivarajah and
                  John A. Smolin and
                  Mathias Soeken and
                  Hitomi Takahashi and
                  Ivano Tavernelli and
                  Charles Taylor and
                  Pete Taylour and
                  Kenso Trabing and
                  Matthew Treinish and
                  Wes Turner and
                  Desiree Vogt-Lee and
                  Christophe Vuillot and
                  Jonathan A. Wildstrom and
                  Jessica Wilson and
                  Erick Winston and
                  Christopher Wood and
                  Stephen Wood and
                  Stefan Wörner and
                  Ismail Yunus Akhalwaya and
                  Christa Zoufal},
  title        = {{Qiskit: An Open-source Framework for Quantum Computing}},
  month        = jan,
  year         = 2019,
  publisher    = {Zenodo},
  version      = {0.7.2},
  doi          = {10.5281/zenodo.2562111},
  url          = {https://doi.org/10.5281/zenodo.2562111}
}

@electronic{Qiskit-Textbook,
	author = {Abraham Asfaw and Luciano Bello and Yael Ben-Haim and Sergey Bravyi and Nicholas Bronn and Lauren Capelluto and Almudena Carrera Vazquez and Jack Ceroni and Richard Chen and Albert Frisch and Jay Gambetta and Shelly Garion and Leron Gil and Salvador De La Puente Gonzalez and Francis Harkins and Takashi Imamichi and David McKay and Antonio Mezzacapo and Zlatko Minev and Ramis Movassagh and Giacomo Nannicni and Paul Nation and Anna Phan and Marco Pistoia and Arthur Rattew and Joachim Schaefer and Javad Shabani and John Smolin and John Stenger and Kristan Temme and Madeleine Tod and Stephen Wood and James Wootton.},
	title = {Learn Quantum Computation Using Qiskit},
	year = {2020},
	url = {http://community.qiskit.org/textbook},
}

@article{Brassard2002,
  title={Quantum amplitude amplification and estimation},
  author={Brassard, Gilles and Hoyer, Peter and Mosca, Michele and Tapp, Alain},
  journal={Contemporary Mathematics},
  volume={305},
  pages={53--74},
  year={2002},
  publisher={Providence, RI; American Mathematical Society; 1999}
}

@article{Mott1968,
  title = {Metal-Insulator Transition},
  author = {MOTT, N. F.},
  journal = {Rev. Mod. Phys.},
  volume = {40},
  issue = {4},
  pages = {677--683},
  numpages = {0},
  year = {1968},
  month = {Oct},
  publisher = {American Physical Society},
  doi = {10.1103/RevModPhys.40.677},
  url = {https://link.aps.org/doi/10.1103/RevModPhys.40.677}
}

@article{Imada1998,
  title = {Metal-insulator transitions},
  author = {Imada, Masatoshi and Fujimori, Atsushi and Tokura, Yoshinori},
  journal = {Rev. Mod. Phys.},
  volume = {70},
  issue = {4},
  pages = {1039--1263},
  numpages = {0},
  year = {1998},
  month = {Oct},
  publisher = {American Physical Society},
  doi = {10.1103/RevModPhys.70.1039},
  url = {https://link.aps.org/doi/10.1103/RevModPhys.70.1039}
}

@article{White1989,
  title = {Numerical study of the two-dimensional Hubbard model},
  author = {White, S. R. and Scalapino, D. J. and Sugar, R. L. and Loh, E. Y. and Gubernatis, J. E. and Scalettar, R. T.},
  journal = {Phys. Rev. B},
  volume = {40},
  issue = {1},
  pages = {506--516},
  numpages = {0},
  year = {1989},
  month = {Jul},
  publisher = {American Physical Society},
  doi = {10.1103/PhysRevB.40.506},
  url = {https://link.aps.org/doi/10.1103/PhysRevB.40.506}
}


@article{Keen_2020,
	Author = {Trevor Keen and Thomas Maier and Steven Johnston and Pavel Lougovski},
	Doi = {10.1088/2058-9565/ab7d4c},
	Journal = {Quantum Science and Technology},
	Month = {apr},
	Number = {3},
	Pages = {035001},
	Publisher = {{IOP} Publishing},
	Title = {Quantum-classical simulation of two-site dynamical mean-field theory on noisy quantum hardware},
	Url = {https://doi.org/10.1088/2058-9565/ab7d4c},
	Volume = {5},
	Year = 2020,
	Bdsk-Url-1 = {https://doi.org/10.1088/2058-9565/ab7d4c},
	Bdsk-Url-2 = {http://dx.doi.org/10.1088/2058-9565/ab7d4c}}

@misc{rungger2020dynamical,
      title={Dynamical mean field theory algorithm and experiment on quantum computers}, 
      author={I. Rungger and N. Fitzpatrick and H. Chen and C. H. Alderete and H. Apel and A. Cowtan and A. Patterson and D. Munoz Ramo and Y. Zhu and N. H. Nguyen and E. Grant and S. Chretien and L. Wossnig and N. M. Linke and R. Duncan},
      year={2020},
      eprint={1910.04735},
      archivePrefix={arXiv},
      primaryClass={quant-ph}
}

@article{Kreula2016,
	Author = {Kreula, Juha M. and Garc{\'\i}a-{\'A}lvarez, Laura and Lamata, Lucas and Clark, Stephen R. and Solano, Enrique and Jaksch, Dieter},
	Da = {2016/08/08},
	Date-Added = {2021-03-09 14:58:34 +0000},
	Date-Modified = {2021-03-09 14:58:34 +0000},
	Doi = {10.1140/epjqt/s40507-016-0049-1},
	Id = {Kreula2016},
	Isbn = {2196-0763},
	Journal = {EPJ Quantum Technology},
	Number = {1},
	Pages = {11},
	Title = {Few-qubit quantum-classical simulation of strongly correlated lattice fermions},
	Ty = {JOUR},
	Url = {https://doi.org/10.1140/epjqt/s40507-016-0049-1},
	Volume = {3},
	Year = {2016},
	Bdsk-Url-1 = {https://doi.org/10.1140/epjqt/s40507-016-0049-1},
	Bdsk-Url-2 = {http://dx.doi.org/10.1140/epjqt/s40507-016-0049-1}}


@article{Huang2018,
	Author = {Huang, Edwin W. and Mendl, Christian B. and Jiang, Hong-Chen and Moritz, Brian and Devereaux, Thomas P.},
	Da = {2018/04/20},
	Date-Added = {2020-12-08 11:05:00 +0000},
	Date-Modified = {2020-12-08 11:05:00 +0000},
	Doi = {10.1038/s41535-018-0097-0},
	Id = {Huang2018},
	Isbn = {2397-4648},
	Journal = {npj Quantum Materials},
	Number = {1},
	Pages = {22},
	Title = {Stripe order from the perspective of the Hubbard model},
	Ty = {JOUR},
	Url = {https://doi.org/10.1038/s41535-018-0097-0},
	Volume = {3},
	Year = {2018},
	Bdsk-Url-1 = {https://doi.org/10.1038/s41535-018-0097-0},
	Bdsk-Url-2 = {http://dx.doi.org/10.1038/s41535-018-0097-0}}

@article{PhysRevX.4.041041,
  title = {Freely Scalable Quantum Technologies Using Cells of 5-to-50 Qubits with Very Lossy and Noisy Photonic Links},
  author = {Nickerson, Naomi H. and Fitzsimons, Joseph F. and Benjamin, Simon C.},
  journal = {Phys. Rev. X},
  volume = {4},
  issue = {4},
  pages = {041041},
  numpages = {17},
  year = {2014},
  month = {Dec},
  publisher = {American Physical Society},
  doi = {10.1103/PhysRevX.4.041041},
  url = {https://link.aps.org/doi/10.1103/PhysRevX.4.041041}
}


@article{Zheng1155,
	Author = {Zheng, Bo-Xiao and Chung, Chia-Min and Corboz, Philippe and Ehlers, Georg and Qin, Ming-Pu and Noack, Reinhard M. and Shi, Hao and White, Steven R. and Zhang, Shiwei and Chan, Garnet Kin-Lic},
	Doi = {10.1126/science.aam7127},
	Eprint = {https://science.sciencemag.org/content/358/6367/1155.full.pdf},
	Issn = {0036-8075},
	Journal = {Science},
	Number = {6367},
	Pages = {1155--1160},
	Publisher = {American Association for the Advancement of Science},
	Title = {Stripe order in the underdoped region of the two-dimensional Hubbard model},
	Url = {https://science.sciencemag.org/content/358/6367/1155},
	Volume = {358},
	Year = {2017},
	Bdsk-Url-1 = {https://science.sciencemag.org/content/358/6367/1155},
	Bdsk-Url-2 = {http://dx.doi.org/10.1126/science.aam7127}}


@article{Lieb1968,
  title = {Absence of Mott Transition in an Exact Solution of the Short-Range, One-Band Model in One Dimension},
  author = {Lieb, Elliott H. and Wu, F. Y.},
  journal = {Phys. Rev. Lett.},
  volume = {20},
  issue = {25},
  pages = {1445--1448},
  numpages = {0},
  year = {1968},
  month = {Jun},
  publisher = {American Physical Society},
  doi = {10.1103/PhysRevLett.20.1445},
  url = {https://link.aps.org/doi/10.1103/PhysRevLett.20.1445}
}


@article{Maier2005,
  title = {Systematic Study of $d$-Wave Superconductivity in the 2D Repulsive Hubbard Model},
  author = {Maier, T. A. and Jarrell, M. and Schulthess, T. C. and Kent, P. R. C. and White, J. B.},
  journal = {Phys. Rev. Lett.},
  volume = {95},
  issue = {23},
  pages = {237001},
  numpages = {4},
  year = {2005},
  month = {Nov},
  publisher = {American Physical Society},
  doi = {10.1103/PhysRevLett.95.237001},
  url = {https://link.aps.org/doi/10.1103/PhysRevLett.95.237001}
}


@article{Huang987,
	Author = {Huang, Edwin W. and Sheppard, Ryan and Moritz, Brian and Devereaux, Thomas P.},
	Doi = {10.1126/science.aau7063},
	Eprint = {https://science.sciencemag.org/content/366/6468/987.full.pdf},
	Issn = {0036-8075},
	Journal = {Science},
	Number = {6468},
	Pages = {987--990},
	Publisher = {American Association for the Advancement of Science},
	Title = {Strange metallicity in the doped Hubbard model},
	Url = {https://science.sciencemag.org/content/366/6468/987},
	Volume = {366},
	Year = {2019},
	Bdsk-Url-1 = {https://science.sciencemag.org/content/366/6468/987},
	Bdsk-Url-2 = {http://dx.doi.org/10.1126/science.aau7063}}

@article{Gull2013,
  title = {Superconductivity and the Pseudogap in the Two-Dimensional Hubbard Model},
  author = {Gull, Emanuel and Parcollet, Olivier and Millis, Andrew J.},
  journal = {Phys. Rev. Lett.},
  volume = {110},
  issue = {21},
  pages = {216405},
  numpages = {5},
  year = {2013},
  month = {May},
  publisher = {American Physical Society},
  doi = {10.1103/PhysRevLett.110.216405},
  url = {https://link.aps.org/doi/10.1103/PhysRevLett.110.216405}
}


@article{Chen2015,
  title = {Superconducting Fluctuations in the Normal State of the Two-Dimensional Hubbard Model},
  author = {Chen, Xi and LeBlanc, J. P. F. and Gull, Emanuel},
  journal = {Phys. Rev. Lett.},
  volume = {115},
  issue = {11},
  pages = {116402},
  numpages = {6},
  year = {2015},
  month = {Sep},
  publisher = {American Physical Society},
  doi = {10.1103/PhysRevLett.115.116402},
  url = {https://link.aps.org/doi/10.1103/PhysRevLett.115.116402}
}


@article{Georges1992,
  title = {Hubbard model in infinite dimensions},
  author = {Georges, Antoine and Kotliar, Gabriel},
  journal = {Phys. Rev. B},
  volume = {45},
  issue = {12},
  pages = {6479--6483},
  numpages = {0},
  year = {1992},
  month = {Mar},
  publisher = {American Physical Society},
  doi = {10.1103/PhysRevB.45.6479},
  url = {https://link.aps.org/doi/10.1103/PhysRevB.45.6479}
}


@article{Childs2012,
author = {Childs, Andrew M. and Wiebe, Nathan},
doi = {10.26421/QIC12.11-12},
issn = {15337146},
journal = {Quantum Information and Computation},
number = {11-12},
pages = {901--924},
title = {{Hamiltonian simulation using linear combinations of unitary operations}},
volume = {12},
year = {2012}
}

@article{Shaw2020,
author = {Shaw, Alexander F. and Lougovski, Pavel and Stryker, Jesse R. and Wiebe, Nathan},
doi = {10.22331/q-2020-08-10-306},
journal = {Quantum},
pages = {306},
title = {{Quantum Algorithms for Simulating the Lattice Schwinger Model}},
volume = {4},
year = {2020}
}


@article{Rubtsov,
	Author = {Rubtsov, A. N. and Lichtenstein, A. I.},
	Da = {2004/07/01},
	Date-Added = {2021-03-09 14:35:29 +0000},
	Date-Modified = {2021-03-09 14:35:29 +0000},
	Doi = {10.1134/1.1800216},
	Id = {Rubtsov2004},
	Isbn = {1090-6487},
	Journal = {Journal of Experimental and Theoretical Physics Letters},
	Number = {1},
	Pages = {61--65},
	Title = {Continuous-time quantum Monte Carlo method for fermions: Beyond auxiliary field framework},
	Ty = {JOUR},
	Url = {https://doi.org/10.1134/1.1800216},
	Volume = {80},
	Year = {2004},
	Bdsk-Url-1 = {https://doi.org/10.1134/1.1800216},
	Bdsk-Url-2 = {http://dx.doi.org/10.1134/1.1800216}}

@article{PhysRevB.86.085133,
  title = {Benchmark of a modified iterated perturbation theory approach on the fcc lattice at strong coupling},
  author = {Arsenault, Louis-Fran\ifmmode \mbox{\c{c}}\else \c{c}\fi{}ois and S\'emon, Patrick and Tremblay, A.-M. S.},
  journal = {Phys. Rev. B},
  volume = {86},
  issue = {8},
  pages = {085133},
  numpages = {16},
  year = {2012},
  month = {Aug},
  publisher = {American Physical Society},
  doi = {10.1103/PhysRevB.86.085133},
  url = {https://link.aps.org/doi/10.1103/PhysRevB.86.085133}
}


@article{Liebsch_2011,
	Author = {Ansgar Liebsch and Hiroshi Ishida},
	Doi = {10.1088/0953-8984/24/5/053201},
	Journal = {Journal of Physics: Condensed Matter},
	Month = {dec},
	Number = {5},
	Pages = {053201},
	Publisher = {{IOP} Publishing},
	Title = {Temperature and bath size in exact diagonalization dynamical mean field theory},
	Url = {https://doi.org/10.1088/0953-8984/24/5/053201},
	Volume = {24},
	Year = 2011,
	Bdsk-Url-1 = {https://doi.org/10.1088/0953-8984/24/5/053201},
	Bdsk-Url-2 = {http://dx.doi.org/10.1088/0953-8984/24/5/053201}}


@article{PhysRevB.94.195152,
  title = {Renormalized parameters and perturbation theory in dynamical mean-field theory for the Hubbard model},
  author = {Hewson, A. C.},
  journal = {Phys. Rev. B},
  volume = {94},
  issue = {19},
  pages = {195152},
  numpages = {12},
  year = {2016},
  month = {Nov},
  publisher = {American Physical Society},
  doi = {10.1103/PhysRevB.94.195152},
  url = {https://link.aps.org/doi/10.1103/PhysRevB.94.195152}
}


@article{GullRMP2011,
  title = {Continuous-time Monte Carlo methods for quantum impurity models},
  author = {Gull, Emanuel and Millis, Andrew J. and Lichtenstein, Alexander I. and Rubtsov, Alexey N. and Troyer, Matthias and Werner, Philipp},
  journal = {Rev. Mod. Phys.},
  volume = {83},
  issue = {2},
  pages = {349--404},
  numpages = {0},
  year = {2011},
  month = {May},
  publisher = {American Physical Society},
  doi = {10.1103/RevModPhys.83.349},
  url = {https://link.aps.org/doi/10.1103/RevModPhys.83.349}
}


@article{PhysRevLett.56.2521,
  title = {Monte Carlo Method for Magnetic Impurities in Metals},
  author = {Hirsch, J. E. and Fye, R. M.},
  journal = {Phys. Rev. Lett.},
  volume = {56},
  issue = {23},
  pages = {2521--2524},
  numpages = {0},
  year = {1986},
  month = {Jun},
  publisher = {American Physical Society},
  doi = {10.1103/PhysRevLett.56.2521},
  url = {https://link.aps.org/doi/10.1103/PhysRevLett.56.2521}
}


@article{PhysRevB.74.155107,
  title = {Hybridization expansion impurity solver: General formulation and application to Kondo lattice and two-orbital models},
  author = {Werner, Philipp and Millis, Andrew J.},
  journal = {Phys. Rev. B},
  volume = {74},
  issue = {15},
  pages = {155107},
  numpages = {13},
  year = {2006},
  month = {Oct},
  publisher = {American Physical Society},
  doi = {10.1103/PhysRevB.74.155107},
  url = {https://link.aps.org/doi/10.1103/PhysRevB.74.155107}
}

@article{Lin2020nearoptimalground,
  doi = {10.22331/q-2020-12-14-372},
  url = {https://doi.org/10.22331/q-2020-12-14-372},
  title = {Near-optimal ground state preparation},
  author = {Lin, Lin and Tong, Yu},
  journal = {{Quantum}},
  issn = {2521-327X},
  publisher = {{Verein zur F{\"{o}}rderung des Open Access Publizierens in den Quantenwissenschaften}},
  volume = {4},
  pages = {372},
  month = dec,
  year = {2020}
}

@article{Gull2011,
    title = {Continuous-time Monte Carlo methods for quantum impurity models},
    author = {Gull, Emanuel and Millis, Andrew J. and Lichtenstein, Alexander I. and Rubtsov, Alexey N. and Troyer, Matthias and Werner, Philipp},
    journal = {Rev. Mod. Phys.},
    volume = {83},
    issue = {2},
    pages = {349--404},
    numpages = {0},
    year = {2011},
    month = {May},
    publisher = {American Physical Society},
    doi = {10.1103/RevModPhys.83.349},
    url = {https://link.aps.org/doi/10.1103/RevModPhys.83.349}
}

@book{Mahan1990,
  title={Many-Particle Physics},
  author={Mahan, G.D.},
  isbn={9780306434235},
  lccn={89048850},
  series={Physics of Solids and Liquids},
  url={https://books.google.com/books?id=v8du6cp0vUAC},
  year={1990},
  publisher={Springer US}
}
@article{Hadfield2020,
archivePrefix = {arXiv},
arxivId = {2006.15788},
author = {Hadfield, Charles and Bravyi, Sergey and Raymond, Rudy and Mezzacapo, Antonio},
eprint = {2006.15788},
issn = {23318422},
journal = {arXiv},
pages = {19--21},
title = {{Measurements of quantum Hamiltonians with locally-biased classical shadows}},
volume = {10598},
year = {2020}
}



@article{Huang2020-shadows,
author = {Huang, Hsin Yuan and Kueng, Richard and Preskill, John},
doi = {10.1038/s41567-020-0932-7},
issn = {17452481},
journal = {Nature Physics},
number = {10},
pages = {1050--1057},
publisher = {Springer US},
title = {{Predicting many properties of a quantum system from very few measurements}},
url = {http://dx.doi.org/10.1038/s41567-020-0932-7},
volume = {16},
year = {2020}
}
@article{BerryTaylor2015,
author = {Berry, Dominic W and Childs, Andrew M and Cleve, Richard and Kothari, Robin and Somma, Rolando D},
doi = {10.1103/PhysRevLett.114.090502},
journal = {Phys. Rev. Lett.},
month = {mar},
number = {9},
pages = {90502},
publisher = {American Physical Society},
title = {{Simulating Hamiltonian Dynamics with a Truncated Taylor Series}},
url = {https://link.aps.org/doi/10.1103/PhysRevLett.114.090502},
volume = {114},
year = {2015}
}

@article{Low2019,
author = {Low, Guang Hao and Chuang, Isaac L.},
doi = {10.22331/q-2019-07-12-163},
issn = {2521-327X},
journal = {Quantum},
pages = {163},
title = {{Hamiltonian Simulation by Qubitization}},
volume = {3},
year = {2019}
}

@article{Wan2021,
   title={Exponentially faster implementations of Select(H) for fermionic Hamiltonians},
   volume={5},
   ISSN={2521-327X},
   url={http://dx.doi.org/10.22331/q-2021-01-12-380},
   DOI={10.22331/q-2021-01-12-380},
   journal={Quantum},
   publisher={Verein zur Forderung des Open Access Publizierens in den Quantenwissenschaften},
   author={Wan, Kianna},
   year={2021},
   month={Jan},
   pages={380}
}



@article{Georges1996,
author = {Georges, Antoine and Kotliar, Gabriel and Krauth, Werner and Rozenberg, Marcelo J.},
doi = {10.1103},
issn = {1526498X},
journal = {Reviews of Modern Physics},
number = {1},
pages = {13--125},
title = {{Dynamical mean-field theory of strongly correlated fermion systems and the limit of infinite dimensions}},
volume = {68},
year = {1996}
}


@article{Anderson1961,
  title = {Localized Magnetic States in Metals},
  author = {Anderson, P. W.},
  journal = {Phys. Rev.},
  volume = {124},
  issue = {1},
  pages = {41--53},
  numpages = {0},
  year = {1961},
  month = {Oct},
  publisher = {American Physical Society},
  doi = {10.1103/PhysRev.124.41},
  url = {https://link.aps.org/doi/10.1103/PhysRev.124.41}
}


@article{Schrieffer1966,
  title = {Relation between the {Anderson} and {Kondo} {Hamiltonians}},
  author = {Schrieffer, J. R. and Wolff, P. A.},
  journal = {Phys. Rev.},
  volume = {149},
  issue = {2},
  pages = {491--492},
  numpages = {0},
  year = {1966},
  month = {Sep},
  publisher = {American Physical Society},
  doi = {10.1103/PhysRev.149.491},
  url = {https://link.aps.org/doi/10.1103/PhysRev.149.491}
}

@article{Childs2019,
  title = {Theory of Trotter Error with Commutator Scaling},
  author = {Childs, Andrew M. and Su, Yuan and Tran, Minh C. and Wiebe, Nathan and Zhu, Shuchen},
  journal = {Phys. Rev. X},
  volume = {11},
  issue = {1},
  pages = {011020},
  numpages = {49},
  year = {2021},
  month = {Feb},
  publisher = {American Physical Society},
  doi = {10.1103/PhysRevX.11.011020},
  url = {https://link.aps.org/doi/10.1103/PhysRevX.11.011020}
}


@article{Potthoff2001,
  title = {Two-site dynamical mean-field theory},
  author = {Potthoff, Michael},
  journal = {Phys. Rev. B},
  volume = {64},
  issue = {16},
  pages = {165114},
  numpages = {12},
  year = {2001},
  month = {Oct},
  publisher = {American Physical Society},
  doi = {10.1103/PhysRevB.64.165114},
  url = {https://link.aps.org/doi/10.1103/PhysRevB.64.165114}
}

@article{brandow67_771,
  title = {Linked-Cluster Expansions for the Nuclear Many-Body Problem},
  author = {Brandow, BAIRD H.},
  journal = {Rev. Mod. Phys.},
  volume = {39},
  issue = {4},
  pages = {771--828},
  numpages = {0},
  year = {1967},
  month = {Oct},
  publisher = {American Physical Society},
  doi = {10.1103/RevModPhys.39.771},
  url = {http://link.aps.org/doi/10.1103/RevModPhys.39.771}
}

%\bibitem{coester}
@article{coester58_421,
title = "Bound states of a many-particle system",
journal = "Nucl. Phys.",
volume = "7",
pages = "421--424",
year = "1958",
issn = "0029-5582",
doi = "http://dx.doi.org/10.1016/0029-5582(58)90280-3",
url = "http://www.sciencedirect.com/science/article/pii/0029558258902803",
author = "F. Coester",
}

%\bibitem{coester_kummel}
@article{coester60_477,
title = "Short-range correlations in nuclear wave functions",
journal = "Nucl. Phys.",
volume = "17",
pages = "477--485",
year = "1960",
issn = "0029-5582",
doi = "http://dx.doi.org/10.1016/0029-5582(60)90140-1",
url = "http://www.sciencedirect.com/science/article/pii/0029558260901401",
author = "F. Coester and H. K{\"u}mmel",
}

%\bibitem{cizek66}
@article{cizek66_4256,
   author = "J. {\v C}{\'\i}{\v z}ek­",
   title = "On the Correlation Problem in Atomic and Molecular Systems. Calculation of Wavefunction Components in Ursell-Type Expansion Using Quantum-Field Theoretical Methods",
   journal = "J. Chem. Phys.",
   year = "1966",
   volume = "45",
   number = "11", 
   pages = "4256--4266",
   url = "http://scitation.aip.org/content/aip/journal/jcp/45/11/10.1063/1.1727484",
   doi = "http://dx.doi.org/10.1063/1.1727484" 
}

%\bibitem{paldus_shavitt_cizek}
@article{paldus72_50,
  title = {Correlation Problems in Atomic and Molecular Systems. IV. Extended Coupled-Pair Many-Electron Theory and Its Application to the B${\mathrm{H}}_{3}$ Molecule},
  author = {Paldus, J. and \ifmmode \check{C}\else \v{C}\fi{}\'{\i}\ifmmode \check{z}\else \v{z}\fi{}ek, J. and Shavitt, I.},
  journal = {Phys. Rev. A},
  volume = {5},
  issue = {1},
  pages = {50--67},
  numpages = {0},
  year = {1972},
  month = {Jan},
  publisher = {American Physical Society},
  doi = {10.1103/PhysRevA.5.50},
  url = {http://link.aps.org/doi/10.1103/PhysRevA.5.50}
}

%\bibitem{Purvis}
@article{purvis82_1910,
   author = "G. Purvis and R. Bartlett",
   title = "A full coupled-cluster singles and doubles model: The inclusion of disconnected triples",
   journal = "J. Chem. Phys.",
   year = "1982",
   volume = "76",
   number = "4", 
   pages = "1910--1918",
   url = "http://scitation.aip.org/content/aip/journal/jcp/76/4/10.1063/1.443164",
   doi = "http://dx.doi.org/10.1063/1.443164", 
}

%\bibitem{paldus_li}
@inbook {paldus07,
title = {A Critical Assessment of Coupled Cluster Method in Quantum Chemistry},
author = {Paldus, Josef and Li, Xiangzhu},
publisher = {John Wiley \& Sons, Inc.},
isbn = {9780470141694},
url = {http://dx.doi.org/10.1002/9780470141694.ch1},
doi = {10.1002/9780470141694.ch1},
pages = {1--175},
booktitle = {Adv. Chem. Phys.},
year = {2007},
}

%\bibitem{rjb_rmp}
@article{bartlett07_291,
  title = {Coupled-cluster theory in quantum chemistry},
  author = {Bartlett, Rodney J. and Musia\l{}, Monika},
  journal = {Rev. Mod. Phys.},
  volume = {79},
  issue = {1},
  pages = {291--352},
  numpages = {0},
  year = {2007},
  month = {Feb},
  publisher = {American Physical Society},
  doi = {10.1103/RevModPhys.79.291},
  url = {http://link.aps.org/doi/10.1103/RevModPhys.79.291}
}

%\bibitem{pp_rev}
@article{piecuch02_527,
author = { Piotr   Piecuch  and  Karol   Kowalski  and  Ian S. O.   Pimienta  and  Michael J.   Mcguire },
title = {Recent advances in electronic structure theory: Method of moments of coupled-cluster equations and renormalized coupled-cluster approaches},
journal = {Int. Rev. Phys. Chem.},
volume = {21},
number = {4},
pages = {527--655},
year = {2002},
doi = {10.1080/0144235021000053811},
URL = {http://dx.doi.org/10.1080/0144235021000053811}   
}

%\bibitem{pjorgensen}
@article{helgaker12_543,
author = {Helgaker, Trygve and Coriani, Sonia and J{\o}rgensen, Poul and Kristensen, Kasper and Olsen, Jeppe and Ruud, Kenneth},
title = {Recent Advances in Wave Function-Based Methods of Molecular-Property Calculations},
journal = {Chem. Rev.},
volume = {112},
number = {1},
pages = {543--631},
year = {2012},
doi = {10.1021/cr2002239},
URL = {http://dx.doi.org/10.1021/cr2002239},
}

%\bibitem{paldus_takahashi1}
@article{paldus84_4267,
  title = {Coupled-cluster approach to electron correlation in one dimension: Cyclic polyene model in delocalized basis},
  author = {Paldus, J. and Takahashi, M. and Cho, R. W. H.},
  journal = {Phys. Rev. B},
  volume = {30},
  issue = {8},
  pages = {4267--4291},
  numpages = {0},
  year = {1984},
  month = {Oct},
  publisher = {American Physical Society},
  doi = {10.1103/PhysRevB.30.4267},
  url = {http://link.aps.org/doi/10.1103/PhysRevB.30.4267}
}

%\bibitem{paldus_takahashi2}
@article{paldus84_2193,
  title = {Approximate account of the connected quadruply excited clusters in the coupled-pair many-electron theory},
  author = {Paldus, J. and \ifmmode \check{C}\else \v{C}\fi{}\'{\i}\ifmmode \check{z}\else \v{z}\fi{}ek, J. and Takahashi, M.},
  journal = {Phys. Rev. A},
  volume = {30},
  issue = {5},
  pages = {2193--2209},
  numpages = {0},
  year = {1984},
  month = {Nov},
  publisher = {American Physical Society},
  doi = {10.1103/PhysRevA.30.2193},
  url = {http://link.aps.org/doi/10.1103/PhysRevA.30.2193}
}

%\bibitem{scuseria}
@article{gustavo16_125124,
  title = {Polynomial similarity transformation theory: A smooth interpolation between coupled cluster doubles and projected BCS applied to the reduced BCS Hamiltonian},
  author = {Degroote, Matthias and Henderson, Thomas M. and Zhao, Jinmo and Dukelsky, Jorge and Scuseria, Gustavo E.},
  journal = {Phys. Rev. B},
  volume = {93},
  issue = {12},
  pages = {125124},
  numpages = {10},
  year = {2016},
  month = {Mar},
  publisher = {American Physical Society},
  doi = {10.1103/PhysRevB.93.125124},
  url = {http://link.aps.org/doi/10.1103/PhysRevB.93.125124}
}

%\bibitem{lyakh_mrcc}
@article{lyakh12_182,
author = {Lyakh, Dmitry I. and MusiaÅ, Monika and Lotrich, Victor F. and Bartlett, Rodney J.},
title = {Multireference Nature of Chemistry: The Coupled-Cluster View},
journal = {Chem. Rev.},
volume = {112},
number = {1},
pages = {182--243},
year = {2012},
doi = {10.1021/cr2001417},
URL = {http://dx.doi.org/10.1021/cr2001417},
}


@article{Lyakh2012_MP,
Author = {Lyakh, Dmitry I. and Bartlett, Rodney J.},
Title = {A remark on the disconnected nature of Lagrange equations in the context of a linear-scaling implementation of the coupled-cluster energy gradients},
Journal = {Mol. Phys.},
Year = {2012},
Volume = {110},
Number = {19-20, SI},
Pages = {2343--2348},
DOI = {10.1080/00268976.2012.679639},
ISSN = {0026-8976},
}

%\bibitem{schutz}
@article{schutz14_244107,
   author = "M. Sch{\"u}tz and O. Masur and D. Usvyat",
   title = "Efficient and accurate treatment of weak pairs in local CCSD(T) calculations. II. Beyond the ring approximation",
   journal = "J. Chem. Phys.",
   year = "2014",
   volume = "140",
   number = "24", 
   pages = 244107,
   url = "http://scitation.aip.org/content/aip/journal/jcp/140/24/10.1063/1.4884156",
   doi = "http://dx.doi.org/10.1063/1.4884156" 
}

%\bibitem{ls_jorgensen}
@article{jorgensen15_2984,
author = {Eriksen, Janus J. and Baudin, Pablo and Ettenhuber, Patrick and Kristensen, Kasper and Kj{\ae}rgaard, Thomas and J{\o}rgensen, Poul},
title = {Linear-Scaling Coupled Cluster with Perturbative Triple Excitations: The Divide-Expand-Consolidate CCSD(T) Model},
journal = {J. Chem. Theory Comput.},
volume = {11},
number = {7},
pages = {2984--2993},
year = {2015},
doi = {10.1021/acs.jctc.5b00086},
URL = {http://dx.doi.org/10.1021/acs.jctc.5b00086},
}

%\bibitem{neese1}
@article{Neese13_134101,
   author = "C. Riplinger and B. Sandhoefer and A. Hansen and F. Neese",
   title = "Natural triple excitations in local coupled cluster calculations with pair natural orbitals",
   journal = "J. Chem. Phys.",
   year = "2013",
   volume = "139",
   number = "13", 
   pages = 134101,
   url = "http://scitation.aip.org/content/aip/journal/jcp/139/13/10.1063/1.4821834",
   doi = "http://dx.doi.org/10.1063/1.4821834" 
}

%\bibitem{neese2}
@article{Neese16_024109,
   author = "C. Riplinger and P. Pinski and U. Becker and E. F. Valeev and F. Neese",
   title = "Sparse maps-A systematic infrastructure for reduced-scaling electronic structure methods. II. Linear scaling domain based pair natural orbital coupled cluster theory",
   journal = "J. Chem. Phys.",
   year = "2016",
   volume = "144",
   number = "2", 
   pages = 024109,
   url = "http://scitation.aip.org/content/aip/journal/jcp/144/2/10.1063/1.4939030",
   doi = "http://dx.doi.org/10.1063/1.4939030" 
}

%\bibitem{fedorov1}
@article{Fedorov05_134103,
   author = "D. G. Fedorov and K. Kitaura",
   title = "Coupled-cluster theory based upon the fragment molecular-orbital method",
   journal = "J. Chem. Phys.",
   year = "2005",
   volume = "123",
   number = "13", 
   pages = 134103,
   url = "http://scitation.aip.org/content/aip/journal/jcp/123/13/10.1063/1.2007588",
   doi = "http://dx.doi.org/10.1063/1.2007588" 
}

%\bibitem{hirata1}
@article{hirata05_2255,
author = { So   Hirata and  Marat   Valiev  and  Michel   Dupuis  and  Sotiris S.   Xantheas  and  Shinichiro   Sugiki  and  Hideo   Sekino },
title = {Fast electron correlation methods for molecular clusters in the ground and excited states},
journal = {Mol. Phys.},
volume = {103},
number = {15-16},
pages = {2255--2265},
year = {2005},
doi = {10.1080/00268970500083788},
URL = {http://dx.doi.org/10.1080/00268970500083788},
}        
                
%\bibitem{slipchenko1}
@article{slipchenko13_553,
author = {Mark S. Gordon and Quentin A. Smith and Peng Xu and Lyudmila V. Slipchenko},
title = {Accurate First Principles Model Potentials for Intermolecular Interactions},
journal = {Annu. Rev. Phys. Chem.},
volume = {64},
number = {1},
pages = {553--578},
year = {2013},
doi = {10.1146/annurev-physchem-040412-110031},
URL = {http://dx.doi.org/10.1146/annurev-physchem-040412-110031},
}
        
% CC/MM 
%\bibitem{kongsted1}
@article{Kongsted03_1620,
   author = "Kongsted, Jacob and Osted, Anders and Mikkelsen, Kurt V. and Christiansen, Ove",
   title = "Linear response functions for coupled cluster/molecular mechanics including polarization interactions",
   journal = "J. Chem. Phys.",
   year = "2003",
   volume = "118",
   number = "4", 
   pages = "1620--1633",
   url = "http://scitation.aip.org/content/aip/journal/jcp/118/4/10.1063/1.1529680",
   doi = "http://dx.doi.org/10.1063/1.1529680" 
}

%\bibitem{valiev1}
@article{valiev06_211101,
   author = "Valiev, Marat and Kowalski, Karol",
   title = "Hybrid coupled cluster and molecular dynamics approach: Application to the excitation spectrum of cytosine in the native DNA environment",
   journal = "J. Chem. Phys.",
   year = "2006",
   volume = "125",
   number = "21", 
   pages = 211101,
   url = "http://scitation.aip.org/content/aip/journal/jcp/125/21/10.1063/1.2403847",
   doi = "http://dx.doi.org/10.1063/1.2403847" 
}

% polarizable embedding
%\bibitem{kongsted2}
@article{christiansen11_104108,
   author = "Sneskov, Kristian and Schwabe, Tobias and Kongsted, Jacob and Christiansen, Ove",
   title = "The polarizable embedding coupled cluster method",
   journal = "J. Chem. Phys.",
   year = "2011",
   volume = "134",
   number = "10", 
   pages = 104108,
   url = "http://scitation.aip.org/content/aip/journal/jcp/134/10/10.1063/1.3560034",
   doi = "http://dx.doi.org/10.1063/1.3560034" 
}

%\bibitem{wftindft1}
@article{miller12_224113,
   author = "Goodpaster, Jason D. and Barnes, Taylor A. and Manby, Frederick R. and Miller, Thomas F.",
   title = "Density functional theory embedding for correlated wavefunctions: Improved methods for open-shell systems and transition metal complexes",
   journal = "J. Chem. Phys.",
   year = "2012",
   volume = "137",
   number = "22", 
   pages = 224113,
   url = "http://scitation.aip.org/content/aip/journal/jcp/137/22/10.1063/1.4770226",
   doi = "http://dx.doi.org/10.1063/1.4770226" 
}

%\bibitem{wftindft2}
@article{miller13_024103,
   author = "Barnes, Taylor A. and Goodpaster, Jason D. and Manby, Frederick R. and Miller, Thomas F.",
   title = "Accurate basis set truncation for wavefunction embedding",
   journal = "J. Chem. Phys.",
   year = "2013",
   volume = "139",
   number = "2", 
   pages = 024103,
   url = "http://scitation.aip.org/content/aip/journal/jcp/139/2/10.1063/1.4811112",
   doi = "http://dx.doi.org/10.1063/1.4811112" 
}

%%%%%%%%%% GF bibitem


%\bibitem{hedin1965}
@article{hedin65_a796,
  title = {New Method for Calculating the One-Particle Green's Function with Application to the Electron-Gas Problem},
  author = {Hedin, Lars},
  journal = {Phys. Rev.},
  volume = {139},
  issue = {3A},
  pages = {A796--A823},
  numpages = {0},
  year = {1965},
  month = {Aug},
  publisher = {American Physical Society},
  doi = {10.1103/PhysRev.139.A796},
  url = {http://link.aps.org/doi/10.1103/PhysRev.139.A796}
}

%\bibitem{cederbaum_green1}
@article{cederbaum75_290,
  author={L S Cederbaum},
  title={One-body Green's function for atoms and molecules: theory and application},
  journal={J. Phys. B},
  volume={8},
  number={2},
  pages={290},
  url={http://stacks.iop.org/0022-3700/8/i=2/a=018},
  year={1975}
}
  
%\bibitem{schirmer} 
@article{schirmer82_2395,
  title = {Beyond the random-phase approximation: A new approximation scheme for the polarization propagator},
  author = {Schirmer, Jochen},
  journal = {Phys. Rev. A},
  volume = {26},
  issue = {5},
  pages = {2395--2416},
  numpages = {0},
  year = {1982},
  month = {Nov},
  publisher = {American Physical Society},
  doi = {10.1103/PhysRevA.26.2395},
  url = {http://link.aps.org/doi/10.1103/PhysRevA.26.2395}
}

%\bibitem{off_d2}
@article{schirmer83_1237,
  title = {New approach to the one-particle Green's function for finite Fermi systems},
  author = {Schirmer, J. and Cederbaum, L. S. and Walter, O.},
  journal = {Phys. Rev. A},
  volume = {28},
  issue = {3},
  pages = {1237--1259},
  numpages = {0},
  year = {1983},
  month = {Sep},
  publisher = {American Physical Society},
  doi = {10.1103/PhysRevA.28.1237},
  url = {http://link.aps.org/doi/10.1103/PhysRevA.28.1237}
}

%\bibitem{cederbaum_green2}
@article{cederbaum84_57,
title = "Computational methods for the one-particle green's function",
journal = "Comput. Phys. Rep.",
volume = "1",
number = "2",
pages = "57--125",
year = "1984",
issn = "0167-7977",
doi = "http://dx.doi.org/10.1016/0167-7977(84)90002-9",
url = "http://www.sciencedirect.com/science/article/pii/0167797784900029",
author = "W. von Niessen and J. Schirmer and L.S. Cederbaum"
}
  
%\bibitem{cederbaum_green2b}
@article{cederbaum92_2790,
  title = {Configuration-interaction formulation of the Dyson equation},
  author = {Tarantelli, A. and Cederbaum, L. S.},
  journal = {Phys. Rev. A},
  volume = {45},
  issue = {5},
  pages = {2790--2806},
  numpages = {0},
  year = {1992},
  month = {Mar},
  publisher = {American Physical Society},
  doi = {10.1103/PhysRevA.45.2790},
  url = {http://link.aps.org/doi/10.1103/PhysRevA.45.2790}
}

%\bibitem{cederbaum_green3}
@article{cederbaum96_7122,
   author = "Weikert, H. G. and Meyer, H. D. and Cederbaum, L. S. and Tarantelli, F.",
   title = "Block Lanczos and many-body theory: Application to the one-particle Green's function",
   journal = "J. Chem. Phys.",
   year = "1996",
   volume = "104",
   number = "18", 
   pages = "7122--7138",
   url = "http://scitation.aip.org/content/aip/journal/jcp/104/18/10.1063/1.471429",
   doi = "http://dx.doi.org/10.1063/1.471429" 
}

%\bibitem{off_d3}
@article{schirmer99_9982,
   author = "Trofimov, A. B. and Stelter, G. and Schirmer, J.",
   title = "A consistent third-order propagator method for electronic excitation",
   journal = "J. Chem. Phys.",
   year = "1999",
   volume = "111",
   number = "22", 
   pages = "9982--9999",
   url = "http://scitation.aip.org/content/aip/journal/jcp/111/22/10.1063/1.480352",
   doi = "http://dx.doi.org/10.1063/1.480352" 
}

%\bibitem{cedip}
@article{cederbaum77_4124,
   author = "von Niessen, W. and Diercksen, G. H. F. and Cederbaum, L. S.",
   title = "On the accuracy of ionization potentials calculated by Green's functions",
   journal = "J. Chem. Phys.",
   year = "1977",
   volume = "67",
   number = "9", 
   pages = "4124--4131",
   url = "http://scitation.aip.org/content/aip/journal/jcp/67/9/10.1063/1.435389",
   doi = "http://dx.doi.org/10.1063/1.435389" 
}

%\bibitem{Ohrn81}
@inbook{book81,
title = {Molecular Electron Propagator Theory and Calculations},
author = {Y. {\"O}hrn and G. Born},
publisher = {Academic Press},
year = {1981},
pages = {1--88},
booktitle = {Advances in Quantum Chemistry},
issn = {0065-3276},
doi = {http://dx.doi.org/10.1016/S0065-3276(08)60291-9},
url = {http://www.sciencedirect.com/science/article/pii/S0065327608602919},
}
  
%\bibitem{gf_mukherjee}
@article{mukherjee89_5578,
   author = "Kutzelnigg, Werner and Mukherjee, Debashis",
   title = "Time-independent theory of one-particle Green's functions",
   journal = "J. Chem. Phys.",
   year = "1989",
   volume = "90",
   number = "10", 
   pages = "5578--5594",
   url = "http://scitation.aip.org/content/aip/journal/jcp/90/10/10.1063/1.456411",
   doi = "http://dx.doi.org/10.1063/1.456411" 
}
  
%\bibitem{e_propagator4}
@book{mukherjee13,
  title={Applied Many-Body Methods in Spectroscopy and Electronic Structure},
  author={Mukherjee, D.},
  isbn={9781475792560},
  url={https://books.google.com/books?id=lS-gBwAAQBAJ},
  year={2013},
  publisher={Springer US}
}


%\bibitem{herman81}
@inbook {herman81,
title = {Analysis and Evaluation of Ionization Potentials, Electron Affinities, and Excitation Energies by the Equations of Motion-Green's Function Method},
author = {Herman, Michael F. and Freed, Karl F. and Yeager, D. L.},
publisher = {John Wiley \& Sons, Inc.},
isbn = {9780470142684},
url = {http://dx.doi.org/10.1002/9780470142684.ch1},
doi = {10.1002/9780470142684.ch1},
pages = {1--69},
keywords = {equations of motion (EOM), double commutator EOM equations, ground-state wave function, ionization potential, ground state},
booktitle = {Adv. Chem. Phys.},
year = {2007},
}

%\bibitem{e_propagator1}
@article {scuseria87_475,
author = {Geertsen, Jan and Oddershede, Jens and Scuseria, Gustavo E.},
title = {Calculation of spectra and spin-spin coupling constants using a coupled?cluster polarization propagator method},
journal = {Int. J. Quantum Chem.},
volume = {32},
number = {S21},
publisher = {John Wiley \& Sons, Inc.},
issn = {1097-461X},
url = {http://dx.doi.org/10.1002/qua.560320746},
doi = {10.1002/qua.560320746},
pages = {475--485},
year = {1987},
}

%\bibitem{e_propagator2}
@article{yeager80_409,
author = { Preben   Albertsen  and  Poul   J{\o}rgensen  and  Danny L.   Yeager },
title = {Frequency dependent polarizabilities in a multiconfigurational time dependent Hartree-Fock approximation},
journal = {Mol. Phys.},
volume = {41},
number = {2},
pages = {409--420},
year = {1980},
doi = {10.1080/00268978000102851},
URL = {http://dx.doi.org/10.1080/00268978000102851},
}
  
%\bibitem{e_propagator3}
@article {ortiz13_123,
author = {Ortiz, Joseph Vincent},
title = {Electron propagator theory: an approach to prediction and interpretation in quantum chemistry},
journal = {WIREs Comput. Mol. Sci},
volume = {3},
number = {2},
publisher = {John Wiley \& Sons, Inc.},
issn = {1759--0884},
url = {http://dx.doi.org/10.1002/wcms.1116},
doi = {10.1002/wcms.1116},
pages = {123--142},
year = {2013},
}
 
%OVGF - cederbaum_green1 cederbaum_green2
%\bibitem{ortiz_ovgf}
@inbook{ortiz97,
title = "The Electron Propagator Picture of Molecular Electronic Structure",
editor = "J. Leszczynski",
publisher = "World Scientific: Singapore",
year = "1997",
volume = "2",
booktitle = "Computational Chemistry: reviews of Current Trends",
author = "J. V. Ortiz"
}

%NR2
%\bibitem{nr2}
@article{ortiz98_1008,
   author = "Ortiz, J. V.",
   title = "A nondiagonal, renormalized extension of partial third-order quasiparticle theory: Comparisons for closed-shell ionization energies",
   journal = "J. Chem. Phys.",
   year = "1998",
   volume = "108",
   number = "3", 
   pages = "1008--1014",
   url = "http://scitation.aip.org/content/aip/journal/jcp/108/3/10.1063/1.475463",
   doi = "http://dx.doi.org/10.1063/1.475463" 
}

%P3
%\bibitem{p3}
@article{ortiz96_7599,
   author = "Ortiz, J. V.",
   title = "Partial thirdâorder quasiparticle theory: Comparisons for closedâshell ionization energies and an application to the Borazine photoelectron spectrum",
   journal = "J. Chem. Phys.",
   year = "1996",
   volume = "104",
   number = "19", 
   pages = "7599--7605",
   url = "http://scitation.aip.org/content/aip/journal/jcp/104/19/10.1063/1.471468",
   doi = "http://dx.doi.org/10.1063/1.471468" 
}
 
%\bibitem{off_d1}
@article{baker80_537,
title = "A method for molecular ionization potentials",
journal = "Chem. Phys. Lett.",
volume = "76",
number = "3",
pages = "537--541",
year = "1980",
issn = "0009-2614",
doi = "http://dx.doi.org/10.1016/0009-2614(80)80663-4",
url = "http://www.sciencedirect.com/science/article/pii/0009261480806634",
author = "J. Baker and B.T. Pickup",
}

%\bibitem{rehr1998}
@article{rehr98_7565,
  title = {Real-space multiple-scattering calculation and interpretation of X-ray-absorption near-edge structure},
  author = {Ankudinov, A. L. and Ravel, B. and Rehr, J. J. and Conradson, S. D.},
  journal = {Phys. Rev. B},
  volume = {58},
  issue = {12},
  pages = {7565--7576},
  numpages = {0},
  year = {1998},
  month = {Sep},
  publisher = {American Physical Society},
  doi = {10.1103/PhysRevB.58.7565},
  url = {http://link.aps.org/doi/10.1103/PhysRevB.58.7565}
}

%\bibitem{rehr2000}
@article{rehr00_621,
  title = {Theoretical approaches to X-ray absorption fine structure},
  author = {Rehr, J. J. and Albers, R. C.},
  journal = {Rev. Mod. Phys.},
  volume = {72},
  issue = {3},
  pages = {621--654},
  numpages = {0},
  year = {2000},
  month = {Jul},
  publisher = {American Physical Society},
  doi = {10.1103/RevModPhys.72.621},
  url = {http://link.aps.org/doi/10.1103/RevModPhys.72.621}
}

%\bibitem{kas2014}
@article{kas14_085112,
  title = {Cumulant expansion of the retarded one-electron Green function},
  author = {Kas, J. J. and Rehr, J. J. and Reining, L.},
  journal = {Phys. Rev. B},
  volume = {90},
  issue = {8},
  pages = {085112},
  numpages = {6},
  year = {2014},
  month = {Aug},
  publisher = {American Physical Society},
  doi = {10.1103/PhysRevB.90.085112},
  url = {http://link.aps.org/doi/10.1103/PhysRevB.90.085112}
}

%\bibitem{faleev2004}
@article{faleev04_126406,
  title = {All-Electron Self-Consistent $GW$ Approximation: Application to Si, MnO, and NiO},
  author = {Faleev, Sergey V. and van Schilfgaarde, Mark and Kotani, Takao},
  journal = {Phys. Rev. Lett.},
  volume = {93},
  issue = {12},
  pages = {126406},
  numpages = {4},
  year = {2004},
  month = {Sep},
  publisher = {American Physical Society},
  doi = {10.1103/PhysRevLett.93.126406},
  url = {http://link.aps.org/doi/10.1103/PhysRevLett.93.126406}
}

%\bibitem{schilfgaarde2006}
@article{schilfgaarde06_226402,
  title = {Quasiparticle Self-Consistent $GW$ Theory},
  author = {van Schilfgaarde, M. and Kotani, Takao and Faleev, S.},
  journal = {Phys. Rev. Lett.},
  volume = {96},
  issue = {22},
  pages = {226402},
  numpages = {4},
  year = {2006},
  month = {Jun},
  publisher = {American Physical Society},
  doi = {10.1103/PhysRevLett.96.226402},
  url = {http://link.aps.org/doi/10.1103/PhysRevLett.96.226402}
}

%\bibitem{bgw2006}
@article{louie06_216405,
  title = {Renormalization of Molecular Electronic Levels at Metal-Molecule Interfaces},
  author = {Neaton, J. B. and Hybertsen, Mark S. and Louie, Steven G.},
  journal = {Phys. Rev. Lett.},
  volume = {97},
  issue = {21},
  pages = {216405},
  numpages = {4},
  year = {2006},
  month = {Nov},
  publisher = {American Physical Society},
  doi = {10.1103/PhysRevLett.97.216405},
  url = {http://link.aps.org/doi/10.1103/PhysRevLett.97.216405}
}

%\bibitem{bgw2011}
@article{louie11_186404,
  title = {Simple Approximate Physical Orbitals for $GW$ Quasiparticle Calculations},
  author = {Samsonidze, Georgy and Jain, Manish and Deslippe, Jack and Cohen, Marvin L. and Louie, Steven G.},
  journal = {Phys. Rev. Lett.},
  volume = {107},
  issue = {18},
  pages = {186404},
  numpages = {5},
  year = {2011},
  month = {Oct},
  publisher = {American Physical Society},
  doi = {10.1103/PhysRevLett.107.186404},
  url = {http://link.aps.org/doi/10.1103/PhysRevLett.107.186404}
}

%\bibitem{hirata_hg15}
@article{hirata15_1595,
author = {Hirata, So and Hermes, Matthew R. and Simons, Jack and Ortiz, J. V.},
title = {General-Order Many-Body Green's Function Method},
journal = {J. Chem. Theory Comput.},
volume = {11},
number = {4},
pages = {1595--1606},
year = {2015},
doi = {10.1021/acs.jctc.5b00005},
URL = {http://dx.doi.org/10.1021/acs.jctc.5b00005},
}
 
 
%\bibitem{zg1}
@article{zgid14_241101,
   author = "Phillips, Jordan J. and Zgid, Dominika",
   title = "Communication: The description of strong correlation within self-consistent Green's function second-order perturbation theory",
   journal = "J. Chem. Phys.",
   year = "2014",
   volume = "140",
   number = "24", 
   pages = "241101",
   url = "http://scitation.aip.org/content/aip/journal/jcp/140/24/10.1063/1.4884951",
   doi = "http://dx.doi.org/10.1063/1.4884951" 
}

%\bibitem{zg2}
@article{zgid15_241102,
   author = "Lan, Tran Nguyen and Kananenka, Alexei A. and Zgid, Dominika",
   title = "Communication: Towards ab initio self-energy embedding theory in quantum chemistry",
   journal = "J. Chem. Phys.",
   year = "2015",
   volume = "143",
   number = "24", 
   pages = "241102",
   url = "http://scitation.aip.org/content/aip/journal/jcp/143/24/10.1063/1.4938562",
   doi = "http://dx.doi.org/10.1063/1.4938562" 
}

%%%%%%% bibitem

%\bibitem{Kotliar_RMP_06}
@article{kotliar06_865,
  title = {Electronic structure calculations with dynamical mean-field theory},
  author = {Kotliar, G. and Savrasov, S. Y. and Haule, K. and Oudovenko, V. S. and Parcollet, O. and Marianetti, C. A.},
  journal = {Rev. Mod. Phys.},
  volume = {78},
  issue = {3},
  pages = {865--951},
  numpages = {0},
  year = {2006},
  month = {Aug},
  publisher = {American Physical Society},
  doi = {10.1103/RevModPhys.78.865},
  url = {http://link.aps.org/doi/10.1103/RevModPhys.78.865},
}

%\bibitem{kotliar96}
@article{kotliar96_13,
  title = {Dynamical mean-field theory of strongly correlated fermion systems and the limit of infinite dimensions},
  author = {Georges, Antoine and Kotliar, Gabriel and Krauth, Werner and Rozenberg, Marcelo J.},
  journal = {Rev. Mod. Phys.},
  volume = {68},
  issue = {1},
  pages = {13--125},
  numpages = {0},
  year = {1996},
  month = {Jan},
  publisher = {American Physical Society},
  doi = {10.1103/RevModPhys.68.13},
  url = {http://link.aps.org/doi/10.1103/RevModPhys.68.13}
}

%\bibitem{vollhardt}
@article {vollhardt12_1,
author = {Vollhardt, D.},
title = {Dynamical mean-field theory for correlated electrons},
journal = {Ann. Phys. (Berlin)},
volume = {524},
number = {1},
publisher = {WILEY-VCH Verlag},
issn = {1521-3889},
url = {http://dx.doi.org/10.1002/andp.201100250},
doi = {10.1002/andp.201100250},
pages = {1--19},
keywords = {Correlated lattice fermions, dynamical mean-field theory.},
year = {2012},
}

%\bibitem{millis06}
@article{millis06_155107,
  title = {Hybridization expansion impurity solver: General formulation and application to Kondo lattice and two-orbital models},
  author = {Werner, Philipp and Millis, Andrew J.},
  journal = {Phys. Rev. B},
  volume = {74},
  issue = {15},
  pages = {155107},
  numpages = {13},
  year = {2006},
  month = {Oct},
  publisher = {American Physical Society},
  doi = {10.1103/PhysRevB.74.155107},
  url = {http://link.aps.org/doi/10.1103/PhysRevB.74.155107}
}

%\bibitem{millis06b}
@article{millis06_076405,
  title = {Continuous-Time Solver for Quantum Impurity Models},
  author = {Werner, Philipp and Comanac, Armin and de' Medici, Luca and Troyer, Matthias and Millis, Andrew J.},
  journal = {Phys. Rev. Lett.},
  volume = {97},
  issue = {7},
  pages = {076405},
  numpages = {4},
  year = {2006},
  month = {Aug},
  publisher = {American Physical Society},
  doi = {10.1103/PhysRevLett.97.076405},
  url = {http://link.aps.org/doi/10.1103/PhysRevLett.97.076405}
}

%\bibitem{zgid2011}
@article{zgid11_094115,
   author = "Zgid, Dominika and Chan, Garnet Kin-Lic",
   title = "Dynamical mean-field theory from a quantum chemical perspective",
   journal = "J. Chem. Phys.",
   year = "2011",
   volume = "134",
   number = "9", 
   pages = "094115",
   url = "http://scitation.aip.org/content/aip/journal/jcp/134/9/10.1063/1.3556707",
   doi = "http://dx.doi.org/10.1063/1.3556707" 
}

%\bibitem{zgid}
@article{zgid12_165128,
  title = {Truncated configuration interaction expansions as solvers for correlated quantum impurity models and dynamical mean-field theory},
  author = {Zgid, Dominika and Gull, Emanuel and Chan, Garnet Kin-Lic},
  journal = {Phys. Rev. B},
  volume = {86},
  issue = {16},
  pages = {165128},
  numpages = {12},
  year = {2012},
  month = {Oct},
  publisher = {American Physical Society},
  doi = {10.1103/PhysRevB.86.165128},
  url = {http://link.aps.org/doi/10.1103/PhysRevB.86.165128}
}

%%%%%%%%%%% bibitem



%\bibitem{matthews1}
@article{chan16_235139,
  title = {Spectral functions of the uniform electron gas via coupled-cluster theory and comparison to the $GW$ and related approximations},
  author = {McClain, James and Lischner, Johannes and Watson, Thomas and Matthews, Devin A. and Ronca, Enrico and Louie, Steven G. and Berkelbach, Timothy C. and Chan, Garnet Kin-Lic},
  journal = {Phys. Rev. B},
  volume = {93},
  issue = {23},
  pages = {235139},
  numpages = {6},
  year = {2016},
  month = {Jun},
  publisher = {American Physical Society},
  doi = {10.1103/PhysRevB.93.235139},
  url = {http://link.aps.org/doi/10.1103/PhysRevB.93.235139}
}

%\bibitem{marcel_gf1}
@article {nooijen92_55,
author = {Nooijen, Marcel and Snijders, Jaap G.},
title = {Coupled cluster approach to the single-particle Green's function},
journal = {Int. J. Quantum Chem.},
volume = {44},
number = {S26},
publisher = {John Wiley \& Sons, Inc.},
issn = {1097-461X},
url = {http://dx.doi.org/10.1002/qua.560440808},
doi = {10.1002/qua.560440808},
pages = {55--83},
year = {1992},
}

%\bibitem{marcel_gf2}
@article {nooijen93_15,
author = {Nooijen, Marcel and Snijders, Jaap G.},
title = {Coupled cluster Green's function method: Working equations and applications},
journal = {Int. J. Quantum Chem.},
volume = {48},
number = {1},
publisher = {John Wiley \& Sons, Inc.},
issn = {1097-461X},
url = {http://dx.doi.org/10.1002/qua.560480103},
doi = {10.1002/qua.560480103},
pages = {15--48},
year = {1993},
}

%\bibitem{marcel_gf3}
@article{nooijen95_1681,
   author = "Nooijen, Marcel and Snijders, Jaap G.",
   title = "Second order many-body perturbation approximations to the coupled cluster Green's function",
   journal = "J. Chem. Phys.",
   year = "1995",
   volume = "102",
   number = "4", 
   pages = "1681--1688",
   url = "http://scitation.aip.org/content/aip/journal/jcp/102/4/10.1063/1.468900",
   doi = "http://dx.doi.org/10.1063/1.468900" 
}

%\bibitem{meissner_propagator}
@article {meissner93_67,
author = {Meissner, Leszek and Bartlett, Rodney J.},
title = {Electron propagator theory with the ground state correlated by the coupled-cluster method},
journal = {Int. J. Quantum Chem.},
volume = {48},
number = {S27},
publisher = {John Wiley \& Sons, Inc.},
issn = {1097-461X},
url = {http://dx.doi.org/10.1002/qua.560480810},
doi = {10.1002/qua.560480810},
pages = {67--80},
year = {1993},
}
 
%\bibitem{kowalski_2014}
@article{kowalski14_094102,
   author = "Kowalski, K. and Bhaskaran-Nair, K. and Shelton, W. A.",
   title = "Coupled-cluster representation of Green function employing modified spectral resolutions of similarity transformed Hamiltonians",
   journal = "J. Chem. Phys.",
   year = "2014",
   volume = "141",
   number = "9", 
   pages = "094102",
   url = "http://scitation.aip.org/content/aip/journal/jcp/141/9/10.1063/1.4893527",
   doi = "http://dx.doi.org/10.1063/1.4893527" 
}
  
%\bibitem{kowalski_2016}
@article{kowalski16_144101,
   author = "Bhaskaran-Nair, Kiran and Kowalski, Karol and Shelton, William A.",
   title = "Coupled cluster Green function: Model involving single and double excitations",
   journal = "J. Chem. Phys.",
   year = "2016",
   volume = "144",
   number = "14", 
   pages = "144101",
   url = "http://scitation.aip.org/content/aip/journal/jcp/144/14/10.1063/1.4944960",
   doi = "http://dx.doi.org/10.1063/1.4944960" 
}

@article{kowalski16_062512,
  title = {Coupled-cluster Green's function: Analysis of properties originating in the exponential parametrization of the ground-state wave function},
  author = {Peng, Bo and Kowalski, Karol},
  journal = {Phys. Rev. A},
  volume = {94},
  issue = {6},
  pages = {062512},
  numpages = {10},
  year = {2016},
  month = {Dec},
  publisher = {American Physical Society},
  doi = {10.1103/PhysRevA.94.062512},
  url = {https://link.aps.org/doi/10.1103/PhysRevA.94.062512}
}

@article{kowalski18_561,
author = {Bo Peng and Karol Kowalski},
title = {Properties of advanced coupled-cluster Green's function},
journal = {Mol. Phys.},
volume = {116},
number = {5-6},
pages = {561-569},
year  = {2018},
publisher = {Taylor & Francis},
doi = {10.1080/00268976.2017.1351630},
URL = {https://doi.org/10.1080/00268976.2017.1351630}
}

@article{kowalski17_4179,
author = {Peng, Bo and Kowalski, Karol},
title = {Highly Efficient and Scalable Compound Decomposition of Two-Electron Integral Tensor and Its Application in Coupled Cluster Calculations},
journal = {J. Chem. Theory Comput.},
volume = {13},
number = {9},
pages = {4179-4192},
year = {2017},
doi = {10.1021/acs.jctc.7b00605},
URL = {https://doi.org/10.1021/acs.jctc.7b00605},
}

@article{kowalski18_4335,
author = {Peng, Bo and Kowalski, Karol},
title = {Green's Function Coupled-Cluster Approach: Simulating Photoelectron Spectra for Realistic Molecular Systems},
journal = {J. Chem. Theory Comput.},
volume = {14},
number = {8},
pages = {4335-4352},
year = {2018},
doi = {10.1021/acs.jctc.8b00313},
URL = {https://doi.org/10.1021/acs.jctc.8b00313}
}

@article{matsushita18_224103,
author = {Kosugi,Taichi  and Nishi,Hirofumi  and Furukawa,Yoritaka  and Matsushita,Yu-ichiro },
title = {Comparison of Green's functions for transition metal atoms using self-energy functional theory and coupled-cluster singles and doubles (CCSD)},
journal = {J. Chem. Phys.},
volume = {148},
number = {22},
pages = {224103},
year = {2018},
doi = {10.1063/1.5029535},
URL = {https://doi.org/10.1063/1.5029535}
}

@article{matsushita18_204109,
author = {Furukawa,Yoritaka  and Kosugi,Taichi  and Nishi,Hirofumi  and Matsushita,Yu-ichiro },
title = {Band structures in coupled-cluster singles-and-doubles Green's function (GFCCSD)},
journal = {J. Chem. Phys.},
volume = {148},
number = {20},
pages = {204109},
year = {2018},
doi = {10.1063/1.5029537},
URL = {https://doi.org/10.1063/1.5029537}
}

@article{matsushita18_034106,
author = {Nishi,Hirofumi  and Kosugi,Taichi  and Furukawa,Yoritaka  and Matsushita,Yu-ichiro },
title = {Quasiparticle energy spectra of isolated atoms from coupled-cluster singles and doubles (CCSD): Comparison with exact CI calculations},
journal = {J. Chem. Phys.},
volume = {149},
number = {3},
pages = {034106},
year = {2018},
doi = {10.1063/1.5029536},
URL = {https://doi.org/10.1063/1.5029536}
}

@article{hirata17_044108,
author = {So Hirata and Alexander E. Doran and Peter J. Knowles and J. V. Ortiz},
title = {One-particle many-body Green's function theory: Algebraic recursive definitions, linked-diagram theorem, irreducible-diagram theorem, and general-order algorithms},
journal = {J. Chem. Phys.},
volume = {147},
number = {4},
pages = {044108},
year = {2017},
doi = {10.1063/1.4994837},
URL = {https://doi.org/10.1063/1.4994837}
}

@article{hu90_287,
  author={Hu Cheng-zheng},
  title={Green¿s Functions in Coupled-Cluster Form},
  journal={Commun. Theor. Phys.},
  volume={13},
  number={3},
  pages={287},
  url={http://stacks.iop.org/0253-6102/13/i=3/a=287},
  year={1990}
}

%\bibitem{stanton_gauss_IP}
@article{stanton95_1064,
   author = "Stanton, John F. and Gauss, J{\o}rgen",
   title = "Perturbative treatment of the similarity transformed Hamiltonian in equation-of-motion coupled-cluster approximations",
   journal = "J. Chem. Phys.",
   year = "1995",
   volume = "103",
   number = "3", 
   pages = "1064--1076",
   url = "http://scitation.aip.org/content/aip/journal/jcp/103/3/10.1063/1.469817",
   doi = "http://dx.doi.org/10.1063/1.469817" 
}

%\bibitem{Nooijen_EA}
@article{nooijen95_3629,
   author = "Nooijen, Marcel and Bartlett, Rodney J.",
   title = "Equation of motion coupled cluster method for electron attachment",
   journal = "J. Chem. Phys.",
   year = "1995",
   volume = "102",
   number = "9", 
   pages = "3629--3647",
   url = "http://scitation.aip.org/content/aip/journal/jcp/102/9/10.1063/1.468592",
   doi = "http://dx.doi.org/10.1063/1.468592" 
}

%\bibitem{arponen}
@article{arponen83_311,
title = "Variational principles and linked-cluster exp S expansions for static and dynamic many-body problems",
journal = "Ann. Phys.",
volume = "151",
number = "2",
pages = "311--382",
year = "1983",
issn = "0003-4916",
doi = "http://dx.doi.org/10.1016/0003-4916(83)90284-1",
url = "http://www.sciencedirect.com/science/article/pii/0003491683902841",
author = "Jouko Arponen",
}

%\bibitem{stanton_eomcc1}
@article{stanton93_7029,
   author = "Stanton, John F. and Bartlett, Rodney J.",
   title = "The equation of motion coupled-cluster method. A systematic biorthogonal approach to molecular excitation energies, transition probabilities, and excited state properties",
   journal = "J. Chem. Phys.",
   year = "1993",
   volume = "98",
   number = "9", 
   pages = "7029--7039",
   url = "http://scitation.aip.org/content/aip/journal/jcp/98/9/10.1063/1.464746",
   doi = "http://dx.doi.org/10.1063/1.464746" 
}

%\bibitem{stanton_lambda}
@article{stanton93_5178,
   author = "Stanton, John F. and Bartlett, Rodney J.",
   title = "A coupled-cluster based effective Hamiltonian method for dynamic electric polarizabilities",
   journal = "J. Chem. Phys.",
   year = "1993",
   volume = "99",
   number = "7", 
   pages = "5178--5183",
   url = "http://scitation.aip.org/content/aip/journal/jcp/99/7/10.1063/1.466019",
   doi = "http://dx.doi.org/10.1063/1.466019" 
}

@article{Yang2013,
   author = "Yang, Weitao and Mori-S\'{a}nchez, Paula and Cohen, Aron J.",
   title = "Extension of many-body theory and approximate density functionals to fractional charges and fractional spins",
   journal = "J. Chem. Phys.",
   year = "2013",
   volume = "139",
   number = "10", 
   pages = "104114",
   url = "http://scitation.aip.org/content/aip/journal/jcp/139/10/10.1063/1.4817183",
   doi = "http://dx.doi.org/10.1063/1.4817183" 
}

###GF in earlier days
@book{mattuck2012guide,
  title={A Guide to Feynman Diagrams in the Many-Body Problem: Second Edition},
  author={Mattuck, R.D.},
  isbn={9780486131641},
  series={Dover Books on Physics},
  url={https://books.google.com/books?id=1P\_DAgAAQBAJ},
  year={2012},
  publisher={Dover Publications}
}

@book{abrikosov2012methods,
  title={Methods of Quantum Field Theory in Statistical Physics},
  author={Abrikosov, A.A. and Gorkov, L.P. and Dzyaloshinski, I.E. and Silverman, R.A.},
  isbn={9780486140155},
  series={Dover Books on Physics},
  url={https://books.google.com/books?id=JYTCAgAAQBAJ},
  year={2012},
  publisher={Dover Publications}
}

@book{fetter2012quantum,
  title={Quantum Theory of Many-Particle Systems},
  author={Fetter, A.L. and Walecka, J.D.},
  isbn={9780486134758},
  series={Dover Books on Physics},
  url={https://books.google.com/books?id=t5\_DAgAAQBAJ},
  year={2012},
  publisher={Dover Publications}
}

@book{migdal1967theory,
  title={Theory of finite Fermi systems and application to atomic nuclei},
  author={Migdal, A.B.},
  series={Interscience monographs and texts in physics and astronomy},
  url={https://books.google.com/books?id=4c08PAAACAAJ},
  year={1967},
  publisher={Wiley-Interscience Publ.}
}

###ADC
@article {dreuw15_82,
author = {Dreuw, Andreas and Wormit, Michael},
title = {The algebraic diagrammatic construction scheme for the polarization propagator for the calculation of excited states},
journal = {WIREs Comput. Mol. Sci},
volume = {5},
number = {1},
publisher = {Wiley Periodicals, Inc.},
issn = {1759-0884},
url = {http://dx.doi.org/10.1002/wcms.1206},
doi = {10.1002/wcms.1206},
pages = {82--95},
year = {2015},
}

###TCE
@article{hirata03_9887,
author = {Hirata, So},
title = {Tensor Contraction Engine: Abstraction and Automated Parallel Implementation of Configuration-Interaction, Coupled-Cluster, and Many-Body Perturbation Theories},
journal = {J. Phys. Chem. A},
volume = {107},
number = {46},
pages = {9887--9897},
year = {2003},
doi = {10.1021/jp034596z},
URL = {https://doi.org/10.1021/jp034596z},
}

###Exp. geom. of h2o, co, n2
@book{herzberg2013,
  title={Molecular Spectra and Molecular Structure},
  author={Herzberg, G.},
  number={v. 1},
  isbn={9781446549148},
  url={https://books.google.com/books?id=W2Z8CgAAQBAJ},
  year={2013},
  publisher={Read Books Limited}
}

###butadiene
@article{chan12_4013,
author = {Watson, Mark A. and Chan, Garnet Kin-Lic},
title = {Excited States of Butadiene to Chemical Accuracy: Reconciling Theory and Experiment},
journal = {J. Chem. Theory Comput.},
volume = {8},
number = {11},
pages = {4013--4018},
year = {2012},
doi = {10.1021/ct300591z},
URL = {https://doi.org/10.1021/ct300591z},
}

###NWChem
@article{nwchem,
title = "NWChem: A comprehensive and scalable open-source solution for large scale molecular simulations",
journal = "Comput. Phys. Commun.",
volume = "181",
number = "9",
pages = "1477--1489",
year = "2010",
issn = "0010-4655",
doi = "https://doi.org/10.1016/j.cpc.2010.04.018",
url = "http://www.sciencedirect.com/science/article/pii/S0010465510001438",
author = "M. Valiev and E.J. Bylaska and N. Govind and K. Kowalski and T.P. Straatsma and H.J.J. Van Dam and D. Wang and J. Nieplocha and E. Apra and T.L. Windus and W.A. de Jong"
}

###GW
@article{reining18_e1344,
author = {Lucia Reining},
title = {The GW approximation: content, successes and limitations},
journal = {WIREs Comput. Mol. Sci},
volume = {0},
number = {0},
year = {2018},
pages = {e1344},
doi = {10.1002/wcms.1344},
url = {https://onlinelibrary.wiley.com/doi/abs/10.1002/wcms.1344},
}

@article{caruso13_075105,
  title = {Self-consistent $GW$: All-electron implementation with localized basis functions},
  author = {Caruso, Fabio and Rinke, Patrick and Ren, Xinguo and Rubio, Angel and Scheffler, Matthias},
  journal = {Phys. Rev. B},
  volume = {88},
  issue = {7},
  pages = {075105},
  numpages = {15},
  year = {2013},
  month = {Aug},
  publisher = {American Physical Society},
  doi = {10.1103/PhysRevB.88.075105},
  url = {https://link.aps.org/doi/10.1103/PhysRevB.88.075105}
}

@article{koval14_155417,
  title = {Fully self-consistent $GW$ and quasiparticle self-consistent $GW$ for molecules},
  author = {Koval, P. and Foerster, D. and S\'anchez-Portal, D.},
  journal = {Phys. Rev. B},
  volume = {89},
  issue = {15},
  pages = {155417},
  numpages = {19},
  year = {2014},
  month = {Apr},
  publisher = {American Physical Society},
  doi = {10.1103/PhysRevB.89.155417},
  url = {https://link.aps.org/doi/10.1103/PhysRevB.89.155417}
}

@article{setten13_232,
author = {van Setten, M. J. and Weigend, F. and Evers, F.},
title = {The $GW$-Method for Quantum Chemistry Applications: Theory and Implementation},
journal = {J. Chem. Theory Comput.},
volume = {9},
number = {1},
pages = {232--246},
year = {2013},
doi = {10.1021/ct300648t},
URL = {https://doi.org/10.1021/ct300648t},
}

@article{setten15_5665,
author = {van Setten, Michiel J. and Caruso, Fabio and Sharifzadeh, Sahar and Ren, Xinguo and Scheffler, Matthias and Liu, Fang and Lischner, Johannes and Lin, Lin and Deslippe, Jack R. and Louie, Steven G. and Yang, Chao and Weigend, Florian and Neaton, Jeffrey B. and Evers, Ferdinand and Rinke, Patrick},
title = {GW100: Benchmarking G0W0 for Molecular Systems},
journal = {J. Chem. Theory Comput.},
volume = {11},
number = {12},
pages = {5665--5687},
year = {2015},
doi = {10.1021/acs.jctc.5b00453},
URL = {https://doi.org/10.1021/acs.jctc.5b00453},
}

@article{berardo17_3814,
author = {Berardo, Enrico and Kaplan, Ferdinand and Bhaskaran-Nair, Kiran and Shelton, William A. and van Setten, Michiel J. and Kowalski, Karol and Zwijnenburg, Martijn A.},
title = {Benchmarking the Fundamental Electronic Properties of small TiO2 Nanoclusters by GW and Coupled Cluster Theory Calculations},
journal = {J. Chem. Theory Comput.},
volume = {13},
number = {8},
pages = {3814--3828},
year = {2017},
doi = {10.1021/acs.jctc.7b00538},
URL = {https://doi.org/10.1021/acs.jctc.7b00538},
}

@article{maggio17_635,
author = {Maggio, Emanuele and Liu, Peitao and van Setten, Michiel J. and Kresse, Georg},
title = {GW100: A Plane Wave Perspective for Small Molecules},
journal = {J. Chem. Theory Comput.},
volume = {13},
number = {2},
pages = {635--648},
year = {2017},
doi = {10.1021/acs.jctc.6b01150},
URL = {https://doi.org/10.1021/acs.jctc.6b01150},
}

@article{setten18_877,
author = {van Setten, Michiel J. and Costa, Ramon and Viñes, Francesc and Illas, Francesc},
title = {Assessing GW Approaches for Predicting Core Level Binding Energies},
journal = {J. Chem. Theory Comput.},
volume = {14},
number = {2},
pages = {877--883},
year = {2018},
doi = {10.1021/acs.jctc.7b01192},
URL = {https://doi.org/10.1021/acs.jctc.7b01192},
}

@article{galli15_2680,
author = {Govoni, Marco and Galli, Giulia},
title = {Large Scale GW Calculations},
journal = {J. Chem. Theory Comput.},
volume = {11},
number = {6},
pages = {2680--2696},
year = {2015},
doi = {10.1021/ct500958p},
URL = {
        https://doi.org/10.1021/ct500958p
},
}

@article{galli16_3523,
author = {Scherpelz, Peter and Govoni, Marco and Hamada, Ikutaro and Galli, Giulia},
title = {Implementation and Validation of Fully Relativistic GW Calculations: Spin-Orbit Coupling in Molecules, Nanocrystals, and Solids},
journal = {J. Chem. Theory Comput.},
volume = {12},
number = {8},
pages = {3523--3544},
year = {2016},
doi = {10.1021/acs.jctc.6b00114},
URL = {
        https://doi.org/10.1021/acs.jctc.6b00114
},
}

@article{galli18_asap,
author = {Govoni, Marco and Galli, Giulia},
title = {GW100: Comparison of Methods and Accuracy of Results Obtained with the WEST Code},
journal = {J. Chem. Theory Comput.},
volume = {0},
number = {0},
pages = {null},
year = {0},
doi = {10.1021/acs.jctc.7b00952},
URL = {
        https://doi.org/10.1021/acs.jctc.7b00952
},
}

###OVGF
@article{ortiz08_164105,
author = {R. Flores-Moreno and J. V. Ortiz},
title = {Quasiparticle virtual orbitals in electron propagator calculations},
journal = {J. Chem. Phys.},
volume = {128},
number = {16},
pages = {164105},
year = {2008},
doi = {10.1063/1.2902288},
URL = {https://doi.org/10.1063/1.2902288},
}

###ADC
@article{schirmer05_144115,
author = {A. B. Trofimov and J. Schirmer},
title = {Molecular ionization energies and ground- and ionic-state properties using a non-Dyson electron propagator approach},
journal = {J. Chem. Phys.},
volume = {123},
number = {14},
pages = {144115},
year = {2005},
doi = {10.1063/1.2047550},
URL = {https://doi.org/10.1063/1.2047550},
}

###SACCI
@article{ehara01_8990,
author = {M. Ehara and M. Ishida and H. Nakatsuji},
title = {Theoretical study on the outer- and inner-valence ionization spectra of H2O, H2S and H2Se using the SAC-CI general-R method},
journal = {J. Chem. Phys.},
volume = {114},
number = {20},
pages = {8990--8999},
year = {2001},
doi = {10.1063/1.1367372},
URL = {https://doi.org/10.1063/1.1367372},
}

@article{ehara05_881,
author = {M. Ehara and M. Ishida and H. Nakatsuji},
title = {Theoretical Fine Spectroscopy with SAC-CI Method: Outer- and Inner-Valence Ionization Spectra of CO and N2},
journal = {Collect. Czech. Chem. Commun.},
volume = {70},
number = {7},
pages = {881--904},
year = {2005},
doi = {10.1135/cccc20050881},
URL = {https://doi.org/10.1135/cccc20050881},
}

@article{krummacher80_3993,
  author={S Krummacher and V Schmidt and F Wuilleumier},
  title={Inner-shell photoionisation in molecules: the nitrogen case},
  journal={J. Phys. B: At. Mol. Phys.},
  volume={13},
  number={20},
  pages={3993--4005},
  url={http://stacks.iop.org/0022-3700/13/i=20/a=013},
  year={1980},
}

@article{krummacher83_1733,
  author={S Krummacher and V Schmidt and F Wuilleumier and J M Bizau and D Ederer},
  title={Inner-shell photoionisation in molecules: the carbon monoxide case},
  journal={J. Phys. B: At. Mol. Phys.},
  volume={16},
  number={10},
  pages={1733--1747},
  url={http://stacks.iop.org/0022-3700/16/i=10/a=010},
  year={1983},
}

###IP-EOMCC
@article{hirata06_074111,
author = {Muneaki Kamiya and So Hirata},
title = {Higher-order equation-of-motion coupled-cluster methods for ionization processes},
journal = {J. Chem. Phys.},
volume = {125},
number = {7},
pages = {074111},
year = {2006},
doi = {10.1063/1.2244570},
URL = {https://doi.org/10.1063/1.2244570},
}

@article{pal18_e25594,
author = {Achintya Kumar Dutta and Nayana Vaval and Sourav Pal},
title = {Lower scaling approximation to EOM-CCSD: A critical assessment of the ionization problem},
journal = {Int. J. Quantum Chem.},
volume = {0},
number = {0},
pages = {e25594},
year = {2018},
doi = {10.1002/qua.25594},
url = {https://onlinelibrary.wiley.com/doi/abs/10.1002/qua.25594},
}

###CVSCCSD
@article{coriani15_181103,
author = {Sonia Coriani and Henrik Koch},
title = {Communication: X-ray absorption spectra and core-ionization potentials within a core-valence separated coupled cluster framework},
journal = {J. Chem. Phys.},
volume = {143},
number = {18},
pages = {181103},
year = {2015},
doi = {10.1063/1.4935712},
URL = {https://doi.org/10.1063/1.4935712},
}

###MRCC
@article{mukherjee13_2625,
author = { Sangita   Sen  and  Avijit   Shee  and  Debashis   Mukherjee },
title = {A study of the ionisation and excitation energies of core electrons using a unitary group adapted state universal approach},
journal = {Mol. Phys.},
volume = {111},
number = {16-17},
pages = {2625--2639},
year  = {2013},
publisher = {Taylor & Francis},
doi = {10.1080/00268976.2013.802384},
URL = {https://doi.org/10.1080/00268976.2013.802384},
}

###FullCI
@article{olsen96_8007,
author = {Jeppe Olsen and Poul J{\o}rgensen and Henrik Koch and Anna Balkova and Rodney J. Bartlett},
title = {Full configuration-interaction and state of the art correlation calculations on water in a valence double-zeta basis with polarization functions},
journal = {J. Chem. Phys.},
volume = {104},
number = {20},
pages = {8007--8015},
year = {1996},
doi = {10.1063/1.471518},
URL = {https://doi.org/10.1063/1.471518},
}

##MSCCI
@article{lebech12_094303,
author = {M. Lebech and J. C. Houver and G. Raseev and A. S. dos Santos and D. Dowek and Robert R. Lucchese},
title = {Valence and inner-valence shell dissociative photoionization of CO in the 26-33 eV range. II. Molecular-frame and recoil-frame photoelectron angular distributions},
journal = {J. Chem. Phys.},
volume = {136},
number = {9},
pages = {094303},
year = {2012},
doi = {10.1063/1.3681920},
URL = {https://doi.org/10.1063/1.3681920},
}

###Exp_core
@article{bawagan85_367,
title = "An investigation of the valence orbitals of water by high momentum resolution electron momentum spectroscopy",
journal = "Chem. Phys.",
volume = "99",
number = "3",
pages = "367--382",
year = "1985",
issn = "0301-0104",
doi = "https://doi.org/10.1016/0301-0104(85)80177-4",
url = "http://www.sciencedirect.com/science/article/pii/0301010485801774",
author = "A.O. Bawagan and L.Y. Lee and K.T. Leung and C.E. Brion"
}

@article{svensson91_184,
  author={S Svensson and M Carlsson-G{\"o}the and L Karlsson and A Nilsson and N M{\aa}rtensson and U Gelius},
  title={Inner valence satellite structure in high resolution X-ray excited photoelectron spectra of N2 and CO},
  journal={Phys. Scr.},
  volume={44},
  number={2},
  pages={184},
  url={http://stacks.iop.org/1402-4896/44/i=2/a=012},
  year={1991},
}

@book{stohr13nexafs,
  title={NEXAFS Spectroscopy},
  author={St{\"o}hr, J.},
  isbn={9783662028537},
  series={Springer Series in Surface Sciences},
  url={https://books.google.com/books?id=F5bsCAAAQBAJ},
  year={2013},
  publisher={Springer Berlin Heidelberg}
}

@article{bakke80_333,
title = "A table of absolute core-electron binding-energies for gaseous atoms and molecules",
journal = "J. Electron Spectrosc. Relat. Phenom. ",
volume = "20",
number = "3",
pages = "333--366",
year = "1980",
issn = "0368-2048",
doi = "https://doi.org/10.1016/0368-2048(80)85030-4",
url = "http://www.sciencedirect.com/science/article/pii/0368204880850304",
author = "Albert A. Bakke and Hsiang-Wen Chen and William L. Jolly"
}

@article{ehara06_114304,
author = {M. Ehara and K. Kuramoto and H. Nakatsuji and M. Hoshino and T. Tanaka and M. Kitajima and H. Tanaka and A. De Fanis and Y. Tamenori and K. Ueda},
title = {C1s and O1s photoelectron satellite spectra of CO with symmetry-dependent vibrational excitations},
journal = {J. Chem. Phys.},
volume = {125},
number = {11},
pages = {114304},
year = {2006},
doi = {10.1063/1.2346683},
URL = {https://doi.org/10.1063/1.2346683},
}

@article{schirmer87_6031,
  author={J Schirmer and G Angonoa and S Svensson and D Nordfors and U Gelius},
  title={High-energy photoelectron C 1s and O 1s shake-up spectra of CO},
  journal={J. Phys. B},
  volume={20},
  number={22},
  pages={6031--6040},
  url={http://stacks.iop.org/0022-3700/20/i=22/a=015},
  year={1987},
}

###Dunning basis
@article{dunning89_1007,
author = {Thom H. Dunning Jr.},
title = {Gaussian basis sets for use in correlated molecular calculations. I. The atoms boron through neon and hydrogen},
journal = {J. Chem. Phys.},
volume = {90},
number = {2},
pages = {1007--1023},
year = {1989},
doi = {10.1063/1.456153},
URL = {https://doi.org/10.1063/1.456153},
}

###Butadiene
@article{deleuze06_104309,
author = {M. S. Deleuze and S. Knippenberg},
title = {Study of the molecular structure, ionization spectrum, and electronic wave function of 1,3-butadiene using electron momentum spectroscopy and benchmark Dyson orbital theories},
journal = {J. Chem. Phys.},
volume = {125},
number = {10},
pages = {104309},
year = {2006},
doi = {10.1063/1.2209690},
URL = {https://doi.org/10.1063/1.2209690},
}

@article{fronzoni94_207,
title = "Ab initio CI investigation of valence photoelectron spectra of conjugated hydrocarbons",
journal = "J. Electron Spectrosc. Relat. Phenom. ",
volume = "69",
number = "3",
pages = "207--224",
year = "1994",
issn = "0368-2048",
doi = "https://doi.org/10.1016/0368-2048(94)02195-6",
url = "http://www.sciencedirect.com/science/article/pii/0368204894021956",
author = "G. Fronzoni and P. Decleva and A. Lisini and G. De Alti",
}

@article{bieri80_149,
title = "30.4-nm He(II) photoelectron spectra of organic molecules: Part I. Hydrocarbons",
journal = "J. Electron Spectrosc. Relat. Phenom. ",
volume = "20",
number = "1",
pages = "149--167",
year = "1980",
issn = "0368-2048",
doi = "https://doi.org/10.1016/0368-2048(80)85013-4",
url = "http://www.sciencedirect.com/science/article/pii/0368204880850134",
author = "Gerhard Bieri and Leif Åsbrink"
}

@article{holland96_3091,
  author={D M P Holland and M A MacDonald and M A Hayes and P Baltzer and B Wannberg and M Lundqvist and L Karlsson and W von Niessen},
  title={An experimental and theoretical study of the valence shell photoelectron spectrum of butadiene},
  journal={J. Phys. B},
  volume={29},
  number={14},
  pages={3091--3107},
  url={http://stacks.iop.org/0953-4075/29/i=14/a=020},
  year={1996},
}

@article{brunger98_1859,
author = {M. J. Brunger and D. A. Winkler and M. T. Michalewicz and E. Weigold},
title = {Momentum distributions and molecular property information for trans 1,3 butadiene: An electron momentum spectroscopy and density functional theory investigation},
journal = {J. Chem. Phys.},
volume = {108},
number = {5},
pages = {1859--1873},
year = {1998},
doi = {10.1063/1.475564},
URL = {https://doi.org/10.1063/1.475564},
}

@article{saha05_124315,
author = {Saumitra Saha and Feng Wang and Chantal T. Falzon and Michael J. Brunger},
title = {Coexistence of 1,3-butadiene conformers in ionization energies and Dyson orbitals},
journal = {J. Chem. Phys.},
volume = {123},
number = {12},
pages = {124315},
year = {2005},
doi = {10.1063/1.2034467},
URL = {https://doi.org/10.1063/1.2034467},
}

###Benzene
@article{rubio12_081102,
  title = {Unified description of ground and excited states of finite systems: The self-consistent $GW$ approach},
  author = {Caruso, F. and Rinke, P. and Ren, X. and Scheffler, M. and Rubio, A.},
  journal = {Phys. Rev. B},
  volume = {86},
  issue = {8},
  pages = {081102},
  numpages = {5},
  year = {2012},
  month = {Aug},
  publisher = {American Physical Society},
  doi = {10.1103/PhysRevB.86.081102},
  url = {https://link.aps.org/doi/10.1103/PhysRevB.86.081102}
}

@article{cederbaum01_5859,
author = {Michael S. Deleuze and Alexander B. Trofimov and Lorenz S. Cederbaum},
title = {Valence one-electron and shake-up ionization bands of polycyclic aromatic hydrocarbons. I. Benzene, naphthalene, anthracene, naphthacene, and pentacene},
journal = {J. Chem. Phys.},
volume = {115},
number = {13},
pages = {5859--5882},
year = {2001},
doi = {10.1063/1.1386414},
URL = {https://doi.org/10.1063/1.1386414},
}

@article{niessen97_95,
title = "An experimental and theoretical study of the valence shell photoelectron spectrum of the benzene molecule",
journal = "Chem. Phys.",
volume = "224",
number = "1",
pages = "95--119",
year = "1997",
issn = "0301-0104",
doi = "https://doi.org/10.1016/S0301-0104(97)00244-9",
url = "http://www.sciencedirect.com/science/article/pii/S0301010497002449",
author = "P. Baltzer and L. Karlsson and B. Wannberg and G. Öhrwall and D.M.P. Holland and M.A. MacDonald and M.A. Hayes and W. von Niessen"
}

@book{kimura1981handbook,
  title={Handbook of HeI photoelectron spectra of fundamental organic molecules: ionization energies, ab initio assignments, and valence electronic structure for 200 molecules},
  author={Kimura, K.},
  lccn={81006449},
  url={https://books.google.com/books?id=GcnvAAAAMAAJ},
  year={1981},
  publisher={Japan Scientific Societies Press}
}

@article{asbrink70_192,
title = "The electronic structure of benzene",
journal = "Chem. Phys. Lett.",
volume = "5",
number = "4",
pages = "192--194",
year = "1970",
issn = "0009-2614",
doi = "https://doi.org/10.1016/0009-2614(70)85002-3",
url = "http://www.sciencedirect.com/science/article/pii/0009261470850023",
author = "L. {\AA}sbrink and O. Edqvist and E. Lindholm and L.E. Selin"
}

@article{fuss81_19,
title = "Momentum distributions and ionization potentials for the valence orbitals of benzene",
journal = "Chem. Phys.",
volume = "63",
number = "1",
pages = "19--30",
year = "1981",
issn = "0301-0104",
doi = "https://doi.org/10.1016/0301-0104(81)80305-9",
url = "http://www.sciencedirect.com/science/article/pii/0301010481803059",
author = "I. Fuss and I.E. McCarthy and A. Minchinton and E. Weigold and F.P. Larkins"
}

###adenine
@article{lin80_4627,
author = {Lin, J. and Yu, C. and Peng, S. and Akiyama, I. and Li, K. and Lee, Li Kao and LeBreton, P. R.},
title = {Ultraviolet photoelectron studies of the ground-state electronic structure and gas-phase tautomerism of purine and adenine},
journal = {J. Am. Chem. Soc.},
volume = {102},
number = {14},
pages = {4627--4631},
year = {1980},
doi = {10.1021/ja00534a010},
URL = {https://doi.org/10.1021/ja00534a010},
}

@article{ortiz09_14630,
author = {Dolgounitcheva, O. and Zakrzewski, V. G. and Ortiz, J. V.},
title = {Vertical Ionization Energies of Adenine and 9-Methyl Adenine},
journal = {J. Phys. Chem. A},
volume = {113},
number = {52},
pages = {14630--14635},
year = {2009},
doi = {10.1021/jp904392z},
URL = {https://doi.org/10.1021/jp904392z},
}

@article{krylov10_12305,
author = {Bravaya, Ksenia B. and Kostko, Oleg and Dolgikh, Stanislav and Landau, Arie and Ahmed, Musahid and Krylov, Anna I.},
title = {Electronic Structure and Spectroscopy of Nucleic Acid Bases: Ionization Energies, Ionization-Induced Structural Changes, and Photoelectron Spectra},
journal = {J. Phys. Chem. A},
volume = {114},
number = {46},
pages = {12305--12317},
year = {2010},
doi = {10.1021/jp1063726},
URL = {https://doi.org/10.1021/jp1063726},
}

@article{caruso16_5076,
author = {Caruso, Fabio and Dauth, Matthias and van Setten, Michiel J. and Rinke, Patrick},
title = {Benchmark of $GW$ Approaches for the $GW$100 Test Set},
journal = {J. Chem. Theory Comput.},
volume = {12},
number = {10},
pages = {5076--5087},
year = {2016},
doi = {10.1021/acs.jctc.6b00774},
URL = {https://doi.org/10.1021/acs.jctc.6b00774},
}

@article{schirmer08_360,
title = "A theoretical and experimental study of the near edge X-ray absorption fine structure (NEXAFS) and X-ray photoelectron spectra (XPS) of nucleobases: Thymine and adenine",
journal = "Chem. Phys.",
volume = "347",
number = "1",
pages = "360--375",
year = "2008",
issn = "0301-0104",
doi = "https://doi.org/10.1016/j.chemphys.2007.09.021",
url = "http://www.sciencedirect.com/science/article/pii/S0301010407004302",
author = "O. Plekan and V. Feyer and R. Richter and M. Coreno and M. de Simone and K. C. Prince and A. B. Trofimov and E. V. Gromov and I. L. Zaytseva and J. Schirmer",
}

@Article{barber70_23,
author ="Barber, M. and Clark, D. T.",
title  ="Molecular core binding energies; carbon and nitrogen 1s levels for adenine",
journal  ="J. Chem. Soc. D",
year  ="1970",
issue  ="1",
pages  ="23--24",
publisher  ="The Royal Society of Chemistry",
doi  ="10.1039/C29700000023",
url  ="http://dx.doi.org/10.1039/C29700000023",
}

@article{trofimov06_305,
  author={A B Trofimov and J Schirmer and V B Kobychev and A W Potts and D M P Holland and L Karlsson},
  title={Photoelectron spectra of the nucleobases cytosine, thymine and adenine},
  journal={J. Phys. B},
  volume={39},
  number={2},
  pages={305--329},
  url={http://stacks.iop.org/0953-4075/39/i=2/a=007},
  year={2006},
}

@article{rocasanjuan06_084302,
author = {Daniel Roca-Sanju{\'a}n and Mercedes Rubio and Manuela Merch{\'a}n and Luis Serrano-Andr{\'e}s},
title = {Ab initio determination of the ionization potentials of DNA and RNA nucleobases},
journal = {J. Chem. Phys.},
volume = {125},
number = {8},
pages = {084302},
year = {2006},
doi = {10.1063/1.2336217},
URL = {https://doi.org/10.1063/1.2336217},
}

###CVS-fail
@article{schulte99_2047,
  title = {Valence-hole localization in core-valence doubly ionized states of ionic molecules and its impact on KLV Auger spectroscopy},
  author = {Schulte, H. D. and Cederbaum, L. S. and Tarantelli, F.},
  journal = {Phys. Rev. A},
  volume = {60},
  issue = {3},
  pages = {2047--2062},
  numpages = {0},
  year = {1999},
  month = {Sep},
  publisher = {American Physical Society},
  doi = {10.1103/PhysRevA.60.2047},
  url = {https://link.aps.org/doi/10.1103/PhysRevA.60.2047}
}

###early many body effect on valence and core photoionization
@article{cederbaum80_481,
  author={L S Cederbaum and W Domcke and J Schirmer and W von Niessen},
  title={Many-Body Effects in Valence and Core Photoionization of Molecules},
  journal={Phys. Scr.},
  volume={21},
  number={3-4},
  pages={481--491},
  url={http://iopscience.iop.org/1402-4896/21/3-4/040},
  year={1980},
}

###breakdown of single particle picture
@article{cederbaum77_L549,
  author={L S Cederbaum and J Schirmer and W Domcke and W von Niessen},
  title={Complete breakdown of the quasiparticle picture for inner valence electrons},
  journal={J. Phys. B},
  volume={10},
  number={15},
  pages={L549--L553},
  url={http://stacks.iop.org/0022-3700/10/i=15/a=001},
  year={1977},
}

@article{cederbaum75_2160,
author = {L. S. Cederbaum},
title = {Non-single-particle excitations in finite Fermi systems},
journal = {J. Chem. Phys.},
volume = {62},
number = {6},
pages = {2160--2170},
year = {1975},
doi = {10.1063/1.430783},
URL = {https://doi.org/10.1063/1.430783},
}

###EOM eigensolver
@article{peng15_4146,
author = {Peng, Bo and Lestrange, Patrick J. and Goings, Joshua J. and Caricato, Marco and Li, Xiaosong},
title = {Energy-Specific Equation-of-Motion Coupled-Cluster Methods for High-Energy Excited States: Application to K-edge X-ray Absorption Spectroscopy},
journal = {J. Chem. Theory Comput.},
volume = {11},
number = {9},
pages = {4146--4153},
year = {2015},
doi = {10.1021/acs.jctc.5b00459},
URL = {https://doi.org/10.1021/acs.jctc.5b00459},
}

@article{krylov15_273,
author = {Dmitry Zuev and Eugene Vecharynski and Chao Yang and Natalie Orms and Anna I. Krylov},
title = {New algorithms for iterative matrix-free eigensolvers in quantum chemistry},
journal = {J. Comput. Chem.},
volume = {36},
number = {5},
pages = {273--284},
year = {2015},
doi = {10.1002/jcc.23800},
url = {https://onlinelibrary.wiley.com/doi/abs/10.1002/jcc.23800},
}

###nuclear motion on PES
@article{cederbaum88_2023,
author = {H. K\"{o}ppel and L. S. Cederbaum and W. Domcke},
title = {Interplay of Jahn-Teller and pseudo-Jahn-Teller vibronic dynamics in the benzene cation},
journal = {J. Chem. Phys.},
volume = {89},
number = {4},
pages = {2023--2040},
year = {1988},
doi = {10.1063/1.455100},
URL = {https://doi.org/10.1063/1.455100},
}

@article{cederbau82_14,
title = "What happens when several closely lying electronic states interact through nuclear motion?",
journal = "Chem. Phys. Lett.",
volume = "87",
number = "1",
pages = "14--17",
year = "1982",
issn = "0009-2614",
doi = "https://doi.org/10.1016/0009-2614(82)83543-4",
url = "http://www.sciencedirect.com/science/article/pii/0009261482835434",
author = {L.S. Cederbaum and H. K\"{o}ppel}
}

@inbook{cederbaum07book,
author = {H. K\"{o}ppel and W. Domcke and L. S. Cederbaum},
publisher = {Wiley-Blackwell},
isbn = {9780470142813},
title = {Multimode Molecular Dynamics Beyond the Born-Oppenheimer Approximation},
booktitle = {Adv. Chem. Phys.},
chapter = {},
pages = {59--246},
doi = {10.1002/9780470142813.ch2},
url = {https://onlinelibrary.wiley.com/doi/abs/10.1002/9780470142813.ch2},
year = {2007},
}

###shifted linear solvers
@Article{frommer03_87,
author="Frommer, A.",
title="BiCGStab($l$) for Families of Shifted Linear Systems",
journal="Computing",
year="2003",
month="Apr",
day="01",
volume="70",
number="2",
pages="87--109",
issn="1436-5057",
doi="10.1007/s00607-003-1472-6",
url="https://doi.org/10.1007/s00607-003-1472-6"
}

@Article{simoncini03_459,
author="Simoncini, V.",
title="Restarted Full Orthogonalization Method for Shifted Linear Systems",
journal="BIT Numer. Math.",
year="2003",
month="Jun",
day="01",
volume="43",
number="2",
pages="459--466",
issn="1572-9125",
doi="10.1023/A:1026000105893",
url="https://doi.org/10.1023/A:1026000105893"
}

@article{du15_35,
title = "IDR(s) for solving shifted nonsymmetric linear systems",
journal = "J. Comput. Appl. Math.",
volume = "274",
pages = "35--43",
year = "2015",
issn = "0377-0427",
doi = "https://doi.org/10.1016/j.cam.2014.07.004",
url = "http://www.sciencedirect.com/science/article/pii/S0377042714003112",
author = "Lei Du and Tomohiro Sogabe and Shao-Liang Zhang",
}

@book{reichel93numerical,
  title={Numerical Linear Algebra: Proceedings of the Conference in Numerical Linear Algebra and Scientific Computation, Kent (Ohio), USA March 13-14, 1992},
  author={Reichel, L. and Ruttan, A. and Varga, R.S.},
  isbn={9783110857658},
  series={De Gruyter Proceedings in Mathematics},
  url={https://books.google.com/books?id=13GlfOe46HEC},
  year={1993},
  publisher={De Gruyter}
}

#methods of moment
@Article{Jankowski91_223,
author="Jankowski, Karol
and Paldus, Josef
and Piecuch, Piotr",
title="Method of moments approach and coupled cluster theory",
journal="Theoretica chimica acta",
year="1991",
month="Jul",
day="01",
volume="80",
number="4",
pages="223--243",
issn="1432-2234",
doi="10.1007/BF01117411",
url="https://doi.org/10.1007/BF01117411"
}

@article{kowalski00_18,
author = {Karol Kowalski and Piotr Piecuch},
title = {The method of moments of coupled-cluster equations and the renormalized CCSD[T], CCSD(T), CCSD(TQ), and CCSDT(Q) approaches},
journal = {J. Chem. Phys.},
volume = {113},
number = {1},
pages = {18--35},
year = {2000},
doi = {10.1063/1.481769},
URL = {
        https://doi.org/10.1063/1.481769
},
eprint = {
        https://doi.org/10.1063/1.481769
}
}

#ccsdt-n
@article{bartlett85_4041,
author = {Miroslav Urban and Jozef Noga and Samuel J. Cole and Rodney J. Bartlett},
title = {Towards a full CCSDT model for electron correlation},
journal = {J. Chem. Phys.},
volume = {83},
number = {8},
pages = {4041--4046},
year = {1985},
doi = {10.1063/1.449067},
URL = {
        https://doi.org/10.1063/1.449067
},
eprint = {
        https://doi.org/10.1063/1.449067
}
}

#cc3
@article{koch97_1808,
author = {Henrik Koch and Ove Christiansen and Poul J{\o}rgensen and Alfredo M. Sanchez de Merás and Trygve Helgaker},
title = {The CC3 model: An iterative coupled cluster approach including connected triples},
journal = {J. Chem. Phys.},
volume = {106},
number = {5},
pages = {1808--1818},
year = {1997},
doi = {10.1063/1.473322},
URL = {
        https://doi.org/10.1063/1.473322
},
eprint = {
        https://doi.org/10.1063/1.473322
}
}

### KK

@article{mertins96_2140,
  title = {Algebraic propagator approaches and intermediate-state representations. I. The biorthogonal and unitary coupled-cluster methods},
  author = {Mertins, F. and Schirmer, J.},
  journal = {Phys. Rev. A},
  volume = {53},
  issue = {4},
  pages = {2140--2152},
  numpages = {0},
  year = {1996},
  month = {Apr},
  publisher = {American Physical Society},
  doi = {10.1103/PhysRevA.53.2140},
  url = {https://link.aps.org/doi/10.1103/PhysRevA.53.2140}
}

@article{mertins96_2153,
  title = {Algebraic propagator approaches and intermediate-state representations. II. The equation-of-motion methods for N, N\ifmmode\pm\else\textpm\fi{}1, and N\ifmmode\pm\else\textpm\fi{}2 electrons},
  author = {Mertins, F. and Schirmer, J. and Tarantelli, A.},
  journal = {Phys. Rev. A},
  volume = {53},
  issue = {4},
  pages = {2153--2168},
  numpages = {0},
  year = {1996},
  month = {Apr},
  publisher = {American Physical Society},
  doi = {10.1103/PhysRevA.53.2153},
  url = {https://link.aps.org/doi/10.1103/PhysRevA.53.2153}
}


@article{dreuw2014_review,
author = {Dreuw Andreas and Wormit Michael},
title = {The algebraic diagrammatic construction scheme for the polarization propagator for the calculation of excited states},
journal = {Wiley Interdisciplinary Reviews: Computational Molecular Science},
volume = {5},
number = {1},
year = {2015},
pages = {82-95},
doi = {10.1002/wcms.1206},
url = {https://onlinelibrary.wiley.com/doi/abs/10.1002/wcms.1206},
eprint = {https://onlinelibrary.wiley.com/doi/pdf/10.1002/wcms.1206},
}

@article{onida2002_601,
  title = {Electronic excitations: density-functional versus many-body Green's-function approaches},
  author = {Onida, Giovanni and Reining, Lucia and Rubio, Angel},
  journal = {Rev. Mod. Phys.},
  volume = {74},
  issue = {2},
  pages = {601--659},
  numpages = {0},
  year = {2002},
  month = {Jun},
  publisher = {American Physical Society},
  doi = {10.1103/RevModPhys.74.601},
  url = {https://link.aps.org/doi/10.1103/RevModPhys.74.601}
}

@article{reining2018_8,
author = {Reining Lucia},
title = {The GW approximation: content, successes and limitations},
journal = {Wiley Interdisciplinary Reviews: Computational Molecular Science},
volume = {8},
number = {3},
year = {2018},
pages = {e1344},
doi = {10.1002/wcms.1344},
url = {https://onlinelibrary.wiley.com/doi/abs/10.1002/wcms.1344},
eprint = {https://onlinelibrary.wiley.com/doi/pdf/10.1002/wcms.1344},
}

@article{zakrzewski2010,
author = {Zakrzewski Viatcheslav G. and Dolgounitcheva Olga and Zakjevskii Alexander V. and Ortiz J. V.},
title = {Ab initio electron propagator methods: Applications to nucleic acids fragments and metallophthalocyanines},
journal = {International Journal of Quantum Chemistry},
volume = {110},
number = {15},
year = {2010},
pages = {2918-2930},
keywords = {electron propagator, electron binding energies, oligonucleotides, phthalocyanines},
doi = {10.1002/qua.22836},
url = {https://onlinelibrary.wiley.com/doi/abs/10.1002/qua.22836},
eprint = {https://onlinelibrary.wiley.com/doi/pdf/10.1002/qua.22836},
}

@article{zakrzewski2010ab,
  title={Ab initio electron propagator methods: Applications to nucleic acids fragments and metallophthalocyanines},
  author={Zakrzewski, Viatcheslav G and Dolgounitcheva, Olga and Zakjevskii, Alexander V and Ortiz, JV},
  journal={International Journal of Quantum Chemistry},
  volume={110},
  number={15},
  pages={2918--2930},
  year={2010},
  publisher={Wiley Online Library}
}

#Expt.
@article{potts74_3,
title = "The observation of ``forbidden'' transitions in He II photoelectron spectra",
journal = "J. Electron Spectros. Relat. Phenomena",
volume = "3",
number = "1",
pages = "3--17",
year = "1974",
issn = "0368-2048",
doi = "https://doi.org/10.1016/0368-2048(74)80070-8",
url = "http://www.sciencedirect.com/science/article/pii/0368204874800708",
author = "A.W. Potts and T.A. Williams"
}

#Early theoretical results
@article{agren84_53,
title = "X-ray emission of the nitrogen molecule following photon or electron impact. A theoretical study using configuration-interaction wavefunctions",
journal = "Chem. Phys.",
volume = "83",
number = "1",
pages = "53--67",
year = "1984",
issn = "0301-0104",
doi = "https://doi.org/10.1016/0301-0104(84)85219-2",
url = "http://www.sciencedirect.com/science/article/pii/0301010484852192",
author = "Hans {\AA}gren and Reidar Arneberg and Jiri Müller and Rolf Manne"
}

#SEET
@article{zgid15_121111,
  title = {Systematically improvable multiscale solver for correlated electron systems},
  author = {Kananenka, Alexei A. and Gull, Emanuel and Zgid, Dominika},
  journal = {Phys. Rev. B},
  volume = {91},
  issue = {12},
  pages = {121111},
  numpages = {5},
  year = {2015},
  month = {Mar},
  publisher = {American Physical Society},
  doi = {10.1103/PhysRevB.91.121111},
  url = {https://link.aps.org/doi/10.1103/PhysRevB.91.121111}
}

@article{zgid16_054106,
author = {Rusakov,Alexander A.  and Zgid,Dominika },
title = {Self-consistent second-order Green's function perturbation theory for periodic systems},
journal = {J. Chem. Phys.},
volume = {144},
number = {5},
pages = {054106},
year = {2016},
doi = {10.1063/1.4940900},
URL = {
        https://doi.org/10.1063/1.4940900
}
}

@article{zgid17_2200,
author = {Lan, Tran Nguyen and Zgid, Dominika},
title = {Generalized Self-Energy Embedding Theory},
journal = {J. Phys. Chem. Lett.},
volume = {8},
number = {10},
pages = {2200--2205},
year = {2017},
doi = {10.1021/acs.jpclett.7b00689},
URL = {
        https://doi.org/10.1021/acs.jpclett.7b00689
}
}

##LR-CC
@article{jorgensen90_3333,
author = {Henrik Koch and Poul J{\o}rgensen},
title = {Coupled Cluster Response Functions},
journal = {J. Chem. Phys.},
volume = {93},
number = {5},
pages = {3333--3344},
year = {1990},
doi = {10.1063/1.458814},
URL = {http://dx.doi.org/10.1063/1.458814}
}

@article {monkhorst77_421,
author = {Monkhorst, Hendrik J.},
title = {Calculation of Properties with the Coupled-Cluster Method},
journal = {Int. J. Quantum Chem.},
volume = {12},
number = {S11},
url = {http://dx.doi.org/10.1002/qua.560120850},
doi = {10.1002/qua.560120850},
pages = {421--432},
year = {1977}
}

@book{paldus75_105,
title = "Time-Independent Diagrammatic Approach to Perturbation Theory of Fermion Systems",
editor = "Per-Olov L{\"{o}}wdin",
series = "Advances in Quantum Chemistry",
publisher = "Academic Press",
volume = "9",
pages = "105--197",
year = "1975",
issn = "0065-3276",
doi = "https://doi.org/10.1016/S0065-3276(08)60040-4",
url = "http://www.sciencedirect.com/science/article/pii/S0065327608600404",
author = "J. Paldus and J. \v{C}\'{i}\v{z}ek"
}

@article{paldus74_149,
author = {Paldus, J.  and \v{C}\'{i}\v{z}ek, J. },
title = {Green's function approach to the direct perturbation calculation of the excitation energies of closed shell fermion systems},
journal = {J. Chem. Phys.},
volume = {60},
number = {1},
pages = {149--163},
year = {1974},
doi = {10.1063/1.1680762},
URL = {https://doi.org/10.1063/1.1680762}
}

###bCC

@Article{Schirmer10_145,
author="Schirmer, Jochen
and Mertins, Frank",
title="Review of biorthogonal coupled cluster representations for electronic excitation",
journal="Theoretical Chemistry Accounts",
year="2010",
month="Mar",
day="01",
volume="125",
number="3",
pages="145--172",
issn="1432-2234",
doi="10.1007/s00214-009-0597-x",
url="https://doi.org/10.1007/s00214-009-0597-x"
}

@book{helgaker2014molecular,
  title={Molecular Electronic-Structure Theory},
  author={Helgaker, T. and Jorgensen, P. and Olsen, J.},
  isbn={9781119019565},
  url={https://books.google.com/books?id=NtJIBAAAQBAJ},
  year={2014},
  publisher={Wiley}
}

##STEOMCC
@article{hirata18_054104,
author = {Faucheaux,Jacob A.  and Nooijen,Marcel  and Hirata,So },
title = {Similarity-transformed equation-of-motion vibrational coupled-cluster theory},
journal = {J. Chem. Phys.},
volume = {148},
number = {5},
pages = {054104},
year = {2018},
doi = {10.1063/1.5004151},
URL = {
        https://doi.org/10.1063/1.5004151
}
}

##Lanczos
@article{rotureau17_024315,
  title = {Optical potential from first principles},
  author = {Rotureau, J. and Danielewicz, P. and Hagen, G. and Nunes, F. M. and Papenbrock, T.},
  journal = {Phys. Rev. C},
  volume = {95},
  issue = {2},
  pages = {024315},
  numpages = {11},
  year = {2017},
  month = {Feb},
  publisher = {American Physical Society},
  doi = {10.1103/PhysRevC.95.024315},
  url = {https://link.aps.org/doi/10.1103/PhysRevC.95.024315}
}

@article{coriani12_1616,
author = {Coriani, Sonia and Fransson, Thomas and Christiansen, Ove and Norman, Patrick},
title = {Asymmetric-Lanczos-Chain-Driven Implementation of Electronic Resonance Convergent Coupled-Cluster Linear Response Theory},
journal = {J. Chem. Theory Comput.},
volume = {8},
number = {5},
pages = {1616--1628},
year = {2012},
doi = {10.1021/ct200919e},
note ={PMID: 26593655},
URL = {
        https://doi.org/10.1021/ct200919e
},
eprint = {
        https://doi.org/10.1021/ct200919e
}
}

@article{zuev14_273,
author = {Zuev, Dmitry and Vecharynski, Eugene and Yang, Chao and Orms, Natalie and Krylov, Anna I.},
title = {New algorithms for iterative matrix-free eigensolvers in quantum chemistry},
journal = {J. Comput. Chem.},
volume = {36},
number = {5},
pages = {273--284},
year = {2014},
doi = {10.1002/jcc.23800},
url = {https://onlinelibrary.wiley.com/doi/abs/10.1002/jcc.23800},
eprint = {https://onlinelibrary.wiley.com/doi/pdf/10.1002/jcc.23800}
}

@article{schirmer87_6789,
author = {Angonoa,G.  and Walter,O.  and Schirmer,J. },
title = {Theoretical K?shell ionization spectra of N2 and CO by a fourth?order Green?s function method},
journal = {J. Chem. Phys.},
volume = {87},
number = {12},
pages = {6789--6801},
year = {1987},
doi = {10.1063/1.453424},
URL = {
        https://doi.org/10.1063/1.453424
},
eprint = {
        https://doi.org/10.1063/1.453424
}
}

@article{cederbaum80_206,
  title = {Many-body theory of core holes},
  author = {Cederbaum, L. S. and Domcke, W. and Schirmer, J.},
  journal = {Phys. Rev. A},
  volume = {22},
  issue = {1},
  pages = {206--222},
  numpages = {0},
  year = {1980},
  month = {Jul},
  publisher = {American Physical Society},
  doi = {10.1103/PhysRevA.22.206},
  url = {https://link.aps.org/doi/10.1103/PhysRevA.22.206}
}

@Article{trofimov00_483,
author="Trofimov, A. B.
and Moskovskaya, T. {\'E}.
and Gromov, E. V.
and Vitkovskaya, N. M.
and Schirmer, J.",
title="Core-level electronic spectra in ADC(2) approximation for polarization propagator: Carbon monoxide and nitrogen molecules",
journal="J. Struct. Chem.",
year="2000",
month="May",
day="01",
volume="41",
number="3",
pages="483--494",
issn="1573-8779",
doi="10.1007/BF02742009",
url="https://doi.org/10.1007/BF02742009"
}

@article{dreuw14_4583,
author = {Wenzel, Jan and Wormit, Michael and Dreuw, Andreas},
title = {Calculating X-ray Absorption Spectra of Open-Shell Molecules with the Unrestricted Algebraic-Diagrammatic Construction Scheme for the Polarization Propagator},
journal = {J. Chem. Theory Comput.},
volume = {10},
number = {10},
pages = {4583--4598},
year = {2014},
doi = {10.1021/ct5006888},
URL = {
        https://doi.org/10.1021/ct5006888
},
eprint = {
        https://doi.org/10.1021/ct5006888
}
}

@article{schirmer77_149,
title = "Strong Correlation Effects in inner Valence Ionization of N2 AND CO",
journal = "Chem. Phys.",
volume = "26",
number = "1",
pages = "149 - 153",
year = "1977",
issn = "0301-0104",
doi = "https://doi.org/10.1016/0301-0104(77)87101-2",
url = "http://www.sciencedirect.com/science/article/pii/0301010477871012",
author = "J. Schirmer and L.S Cederbaum and W. Domcke and W von Niessen"
}

@article{stanton99_8785,
author = {Stanton,John F.  and Gauss,Jürgen },
title = {A simple scheme for the direct calculation of ionization potentials with coupled-cluster theory that exploits established excitation energy methods},
journal = {J. Chem. Phys.},
volume = {111},
number = {19},
pages = {8785--8788},
year = {1999},
doi = {10.1063/1.479673},
URL = {
        https://doi.org/10.1063/1.479673
},
eprint = {
        https://doi.org/10.1063/1.479673
}
}

#EOM-CC(m,n)
@article{hirata00_255,
title = "High-order determinantal equation-of-motion coupled-cluster calculations for electronic excited states",
journal = "Chem. Phys. Lett.",
volume = "326",
number = "3",
pages = "255--262",
year = "2000",
issn = "0009-2614",
doi = "https://doi.org/10.1016/S0009-2614(00)00772-7",
url = "http://www.sciencedirect.com/science/article/pii/S0009261400007727",
author = "So Hirata and Marcel Nooijen and Rodney J. Bartlett"
}

@article{krylov05_084107,
author = {Slipchenko,Lyudmila V.  and Krylov,Anna I. },
title = {Spin-conserving and spin-flipping equation-of-motion coupled-cluster method with triple excitations},
journal = {J. Chem. Phys.},
volume = {123},
number = {8},
pages = {084107},
year = {2005},
doi = {10.1063/1.2006091},
URL = {
        https://doi.org/10.1063/1.2006091
},
eprint = {
        https://doi.org/10.1063/1.2006091
}
}

#CCSDT-n
@article{bartlett95_81,
title = "Economical triple excitation equation-of-motion coupled-cluster methods for excitation energies",
journal = "Chem. Phys. Lett.",
volume = "233",
number = "1",
pages = "81--87",
year = "1995",
issn = "0009-2614",
doi = "https://doi.org/10.1016/0009-2614(94)01434-W",
url = "http://www.sciencedirect.com/science/article/pii/000926149401434W",
author = "John D. Watts and Rodney J. Bartlett"
}

@article{bartlett96_581,
title = "Iterative and non-iterative triple excitation corrections in coupled-cluster methods for excited electronic states: the EOM-CCSDT-3 and EOM-CCSD(T) methods",
journal = "Chem. Phys. Lett.",
volume = "258",
number = "5",
pages = "581 - 588",
year = "1996",
issn = "0009-2614",
doi = "https://doi.org/10.1016/0009-2614(96)00708-7",
url = "http://www.sciencedirect.com/science/article/pii/0009261496007087",
author = "John D. Watts and Rodney J. Bartlett"
}

#CC2
@article{christiansen95_409,
title = "The second-order approximate coupled cluster singles and doubles model CC2",
journal = "Chem. Phys. Lett.",
volume = "243",
number = "5",
pages = "409--418",
year = "1995",
issn = "0009-2614",
doi = "https://doi.org/10.1016/0009-2614(95)00841-Q",
url = "http://www.sciencedirect.com/science/article/pii/000926149500841Q",
author = "Ove Christiansen and Henrik Koch and Poul Jørgensen"
}

@article{gour2005active,
  title={Active-space equation-of-motion coupled-cluster methods for excited states of radicals and other open-shell systems: EA-EOMCCSDt and IP-EOMCCSDt},
  author={Gour, Jeffrey R and Piecuch, Piotr and W{\l}och, Marta},
  journal={The Journal of chemical physics},
  volume={123},
  number={13},
  pages={134113},
  year={2005},
  publisher={AIP}
}

@article{fan2007active,
  title={Active-space equation-of-motion coupled-cluster methods through quadruples for excited, ionized, and electron-attached states},
  author={Fan, Peng-Dong and Kamiya, Muneaki and Hirata, So},
  journal={Journal of chemical theory and computation},
  volume={3},
  number={3},
  pages={1036--1046},
  year={2007},
  publisher={ACS Publications}
}

@article{stanton1999simple,
  title={A simple scheme for the direct calculation of ionization potentials with coupled-cluster theory that exploits established excitation energy methods},
  author={Stanton, John F and Gauss, J{\"u}rgen},
  journal={The Journal of chemical physics},
  volume={111},
  number={19},
  pages={8785--8788},
  year={1999},
  publisher={AIP}
}

@article{saeh1999application,
  title={Application of an equation-of-motion coupled cluster method including higher-order corrections to potential energy surfaces of radicals},
  author={Saeh, Jamal C and Stanton, John F},
  journal={The Journal of chemical physics},
  volume={111},
  number={18},
  pages={8275--8285},
  year={1999},
  publisher={AIP}
}

@article{matthews2016new,
  title={A new approach to approximate equation-of-motion coupled cluster with triple excitations},
  author={Matthews, Devin A and Stanton, John F},
  journal={The Journal of chemical physics},
  volume={145},
  number={12},
  pages={124102},
  year={2016},
  publisher={AIP Publishing}
}

@article{jagau2018non,
  title={Non-iterative triple excitations in equation-of-motion coupled-cluster theory for electron attachment with applications to bound and temporary anions},
  author={Jagau, Thomas-C},
  journal={The Journal of chemical physics},
  volume={148},
  number={2},
  pages={024104},
  year={2018},
  publisher={AIP Publishing}
}

@article{manohar2009perturbative,
  title={Perturbative triples correction for the equation-of-motion coupled-cluster wave functions with single and double substitutions for ionized states: Theory, implementation, and examples},
  author={Manohar, Prashant U and Stanton, John F and Krylov, Anna I},
  journal={The Journal of chemical physics},
  volume={131},
  number={11},
  pages={114112},
  year={2009},
  publisher={AIP}
}

@article{bomble2005equation,
  title={Equation-of-motion coupled-cluster methods for ionized states with an approximate treatment of triple excitations},
  author={Bomble, Yannick J and Saeh, Jamal C and Stanton, John F and Szalay, P{\'e}ter G and K{\'a}llay, Mih{\'a}ly and Gauss, J{\"u}rgen},
  journal={The Journal of chemical physics},
  volume={122},
  number={15},
  pages={154107},
  year={2005},
  publisher={AIP}
}

@article{bagus1,
  title = {Origin of satellite structure in the valence x-ray photoelectron spectrum of CO: A theoretical study},
  author = {Bagus, Paul S. and Viinikka, Eeva-K.},
  journal = {Phys. Rev. A},
  volume = {15},
  issue = {4},
  pages = {1486--1496},
  numpages = {0},
  year = {1977},
  month = {Apr},
  publisher = {American Physical Society},
  doi = {10.1103/PhysRevA.15.1486},
  url = {https://link.aps.org/doi/10.1103/PhysRevA.15.1486}
}

@article{bagus2,
author = {Bagus,Paul S.  and Sousa,Carme  and Illas,Francesc },
title = {Consequences of electron correlation for XPS binding energies: Representative case for C(1s) and O(1s) XPS of CO},
journal = {The Journal of Chemical Physics},
volume = {145},
number = {14},
pages = {144303},
year = {2016},
doi = {10.1063/1.4964320},
URL = {
        https://doi.org/10.1063/1.4964320
},
eprint = {
        https://doi.org/10.1063/1.4964320
}
}

@article{kowalskiCCsubalgebra,
author = {Kowalski,Karol},
title = {Properties of coupled-cluster equations originating in excitation sub-algebras},
journal = {The Journal of Chemical Physics},
volume = {148},
number = {9},
pages = {094104},
year = {2018},
doi = {10.1063/1.5010693},
URL = {https://doi.org/10.1063/1.5010693},
eprint = {https://doi.org/10.1063/1.5010693}
}

@article{PhysRevB.100.115154,
  title = {Coupled-cluster impurity solvers for dynamical mean-field theory},
  author = {Zhu, Tianyu and Jim\'enez-Hoyos, Carlos A. and McClain, James and Berkelbach, Timothy C. and Chan, Garnet Kin-Lic},
  journal = {Phys. Rev. B},
  volume = {100},
  issue = {11},
  pages = {115154},
  numpages = {9},
  year = {2019},
  month = {Sep},
  publisher = {American Physical Society},
  doi = {10.1103/PhysRevB.100.115154},
  url = {https://link.aps.org/doi/10.1103/PhysRevB.100.115154}
}

@article{JCTC.15.6010,
author = {Shee, Avijit and Zgid, Dominika},
title = {Coupled Cluster as an Impurity Solver for Green’s Function Embedding Methods},
journal = {Journal of Chemical Theory and Computation},
volume = {15},
number = {11},
pages = {6010-6024},
year = {2019},
doi = {10.1021/acs.jctc.9b00603},
note ={PMID: 31518129},
URL = {https://doi.org/10.1021/acs.jctc.9b00603},
eprint = {https://doi.org/10.1021/acs.jctc.9b00603}
}

@article{Endo2020,
  title = {Calculation of the Green's function on near-term quantum computers},
  author = {Endo, Suguru and Kurata, Iori and Nakagawa, Yuya O.},
  journal = {Phys. Rev. Research},
  volume = {2},
  issue = {3},
  pages = {033281},
  numpages = {17},
  year = {2020},
  month = {Aug},
  publisher = {American Physical Society},
  doi = {10.1103/PhysRevResearch.2.033281},
  url = {https://link.aps.org/doi/10.1103/PhysRevResearch.2.033281}
}


@article{Kosugi2020,
  title = {Construction of Green's functions on a quantum computer: Quasiparticle spectra of molecules},
  author = {Kosugi, Taichi and Matsushita, Yu-ichiro},
  journal = {Phys. Rev. A},
  volume = {101},
  issue = {1},
  pages = {012330},
  numpages = {12},
  year = {2020},
  month = {Jan},
  publisher = {American Physical Society},
  doi = {10.1103/PhysRevA.101.012330},
  url = {https://link.aps.org/doi/10.1103/PhysRevA.101.012330}
}


@article{peng19_3185,
author = {Peng, Bo and Van Beeumen, Roel and Williams-Young, David B. and Kowalski, Karol and Yang, Chao},
title = {Approximate Green’s Function Coupled Cluster Method Employing Effective Dimension Reduction},
journal = {Journal of Chemical Theory and Computation},
volume = {15},
number = {5},
pages = {3185-3196},
year = {2019},
doi = {10.1021/acs.jctc.9b00172},
note ={PMID: 30951302},
URL = {https://doi.org/10.1021/acs.jctc.9b00172},
eprint = {https://doi.org/10.1021/acs.jctc.9b00172}
}

@article{vila20_6983,
author = {Vila, F. D. and Rehr, J. J. and Kas, J. J. and Kowalski, K. and Peng, B.},
title = {Real-Time Coupled-Cluster Approach for the Cumulant Green’s Function},
journal = {Journal of Chemical Theory and Computation},
volume = {16},
number = {11},
pages = {6983-6992},
year = {2020},
doi = {10.1021/acs.jctc.0c00639},
note ={PMID: 33108872},
URL = {https://doi.org/10.1021/acs.jctc.0c00639},
eprint = {https://doi.org/10.1021/acs.jctc.0c00639}
}

@article{PhysRevA.101.012330,
  title = {Construction of Green's functions on a quantum computer: Quasiparticle spectra of molecules},
  author = {Kosugi, Taichi and Matsushita, Yu-ichiro},
  journal = {Phys. Rev. A},
  volume = {101},
  issue = {1},
  pages = {012330},
  numpages = {12},
  year = {2020},
  month = {Jan},
  publisher = {American Physical Society},
  doi = {10.1103/PhysRevA.101.012330},
  url = {https://link.aps.org/doi/10.1103/PhysRevA.101.012330}
}

@article{PhysRevResearch.2.033281,
  title = {Calculation of the Green's function on near-term quantum computers},
  author = {Endo, Suguru and Kurata, Iori and Nakagawa, Yuya O.},
  journal = {Phys. Rev. Research},
  volume = {2},
  issue = {3},
  pages = {033281},
  numpages = {17},
  year = {2020},
  month = {Aug},
  publisher = {American Physical Society},
  doi = {10.1103/PhysRevResearch.2.033281},
  url = {https://link.aps.org/doi/10.1103/PhysRevResearch.2.033281}
}

@article{ccsdt_noga,
author = {Noga,Jozef  and Bartlett,Rodney J. },
title = {The full CCSDT model for molecular electronic structure},
journal = {J. Chem. Phys.},
volume = {86},
number = {12},
pages = {7041-7050},
year = {1987},
doi = {10.1063/1.452353},
URL = {https://doi.org/10.1063/1.452353},
eprint = {https://doi.org/10.1063/1.452353}
}

@article{ccsdt_noga_err,
author = {Noga,J.  and Bartlett,R. J. },
title = {Erratum: The full CCSDT model for molecular electronic structure [J. Chem. Phys. 86, 7041 (1987)]},
journal = {J. Chem. Phys.},
volume = {89},
number = {5},
pages = {3401-3401},
year = {1988},
doi = {10.1063/1.455742},
URL = {https://doi.org/10.1063/1.455742},
eprint = {https://doi.org/10.1063/1.455742}
}

@article{SCUSERIA1988382,
title = {A new implementation of the full CCSDT model for molecular electronic structure},
journal = {Chem. Phys. Lett.},
volume = {152},
number = {4},
pages = {382-386},
year = {1988},
issn = {0009-2614},
doi = {https://doi.org/10.1016/0009-2614(88)80110-6},
url = {https://www.sciencedirect.com/science/article/pii/0009261488801106},
author = {Gustavo E. Scuseria and Henry F. Schaefer}
}

@article{Bartlett07RMP,
  title = {Coupled-cluster theory in quantum chemistry},
  author = {Bartlett, Rodney J. and Musia\l{}, Monika},
  journal = {Rev. Mod. Phys.},
  volume = {79},
  issue = {1},
  pages = {291--352},
  numpages = {0},
  year = {2007},
  month = {Feb},
  publisher = {American Physical Society},
  doi = {10.1103/RevModPhys.79.291},
  url = {https://link.aps.org/doi/10.1103/RevModPhys.79.291}
}
